datetime,symbol,time,tick,askPrice,volume1,lastPrice,volume2,bidPrice,volume3,amount,turnover,other,,
20210623,cu2202,21:00:00,500,69330,0,69150,20,69990,20,#NAME?,0,2367,0,0
20210623,cu2202,21:00:03,0,69330,0,69310,1,69920,1,#NAME?,0,2367,0,0
20210623,cu2202,21:00:05,0,69330,0,69620,2,69780,2,#NAME?,0,2367,0,0
20210623,cu2202,21:00:07,0,69330,0,69700,2,69770,2,#NAME?,0,2367,0,0
20210623,cu2202,21:00:09,500,69330,0,69700,2,69770,2,#NAME?,0,2367,0,0
20210623,cu2202,21:00:12,500,69330,0,69710,2,69770,2,#NAME?,0,2367,0,0
20210623,cu2202,21:00:16,500,69330,0,69730,2,69770,2,#NAME?,0,2367,0,0
20210623,cu2202,21:00:18,500,69330,0,69640,2,69770,2,#NAME?,0,2367,0,0
20210623,cu2202,21:00:24,500,69330,0,69700,4,69770,4,#NAME?,0,2367,0,0
20210623,cu2202,21:00:29,500,69330,0,69710,4,69850,4,#NAME?,0,2367,0,0
20210623,cu2202,21:00:32,0,69330,0,69740,2,69830,2,#NAME?,0,2367,0,0
20210623,cu2202,21:00:35,0,69330,0,69680,1,69830,1,#NAME?,0,2367,0,0
20210623,cu2202,21:00:38,500,69330,0,69700,4,69820,4,#NAME?,0,2367,0,0
20210623,cu2202,21:00:41,500,69330,0,69700,4,69800,4,#NAME?,0,2367,0,0
20210623,cu2202,21:00:43,500,69330,0,69630,4,69790,4,#NAME?,0,2367,0,0
20210623,cu2202,21:00:45,500,69330,0,69650,4,69770,4,#NAME?,0,2367,0,0
20210623,cu2202,21:00:48,500,69330,0,69650,4,69760,4,#NAME?,0,2367,0,0
20210623,cu2202,21:00:51,500,69330,0,69650,4,69750,4,#NAME?,0,2367,0,0
20210623,cu2202,21:00:56,0,69330,0,69650,4,69760,4,#NAME?,0,2367,0,0
20210623,cu2202,21:00:59,0,69330,0,69650,4,69760,4,#NAME?,0,2367,0,0
20210623,cu2202,21:01:01,0,69330,0,69650,4,69700,4,#NAME?,0,2367,0,0
20210623,cu2202,21:01:04,0,69330,0,69650,5,69700,5,#NAME?,0,2367,0,0
20210623,cu2202,21:01:09,500,69330,0,69650,4,69700,4,#NAME?,0,2367,0,0
20210623,cu2202,21:01:13,0,69330,0,69660,2,69700,2,#NAME?,0,2367,0,0
20210623,cu2202,21:01:16,500,69330,0,69660,2,69770,2,#NAME?,0,2367,0,0
20210623,cu2202,21:01:21,500,69330,0,69650,4,69770,4,#NAME?,0,2367,0,0
20210623,cu2202,21:01:24,0,69330,0,69650,4,69770,4,#NAME?,0,2367,0,0
20210623,cu2202,21:01:29,500,69330,0,69660,2,69770,2,#NAME?,0,2367,0,0
20210623,cu2202,21:01:41,0,69330,0,69660,6,69820,6,#NAME?,0,2367,0,0
20210623,cu2202,21:01:43,0,69330,0,69660,6,69810,6,#NAME?,0,2367,0,0
20210623,cu2202,21:01:47,0,69330,0,69700,2,69810,2,#NAME?,0,2367,0,0
20210623,cu2202,21:01:50,500,69330,0,69700,2,69810,2,#NAME?,0,2367,0,0
20210623,cu2202,21:01:55,500,69330,0,69700,2,69800,2,#NAME?,0,2367,0,0
20210623,cu2202,21:02:03,500,69330,0,69700,2,69740,2,#NAME?,0,2367,0,0
20210623,cu2202,21:02:07,0,69330,0,69700,2,69790,2,#NAME?,0,2367,0,0
20210623,cu2202,21:02:10,0,69330,0,69710,2,69750,2,#NAME?,0,2367,0,0
20210623,cu2202,21:02:15,500,69710,2,69710,2,69750,2,348550,697100,2367,0,0
20210623,cu2202,21:02:25,0,69750,4,69710,4,69820,4,348650,1.39E+06,2367,0,0
20210623,cu2202,21:02:27,0,69750,4,69710,4,69820,4,348650,1.39E+06,2367,0,0
20210623,cu2202,21:02:29,0,69750,4,69710,4,69820,4,348650,1.39E+06,2367,0,0
20210623,cu2202,21:02:31,500,69750,4,69710,2,69820,2,348650,1.39E+06,2367,0,0
20210623,cu2202,21:02:33,500,69750,4,69710,2,69830,2,348650,1.39E+06,2367,0,0
20210623,cu2202,21:02:35,500,69750,4,69730,1,69830,1,348650,1.39E+06,2367,0,0
20210623,cu2202,21:02:37,500,69750,4,69530,2,69810,2,348650,1.39E+06,2367,0,0
20210623,cu2202,21:02:40,0,69750,4,69740,2,69820,2,348650,1.39E+06,2367,0,0
20210623,cu2202,21:02:42,0,69750,4,69740,2,69800,2,348650,1.39E+06,2367,0,0
20210623,cu2202,21:02:44,0,69750,4,69740,2,69830,2,348650,1.39E+06,2367,0,0
20210623,cu2202,21:02:46,0,69750,4,69740,2,69850,2,348650,1.39E+06,2367,0,0
20210623,cu2202,21:02:50,500,69750,4,69740,2,69840,2,348650,1.39E+06,2367,0,0
20210623,cu2202,21:02:54,0,69750,4,69740,2,69840,2,348650,1.39E+06,2367,0,0
20210623,cu2202,21:02:57,0,69750,4,69740,2,69840,2,348650,1.39E+06,2367,0,0
20210623,cu2202,21:03:01,0,69750,4,69680,2,69830,2,348650,1.39E+06,2367,0,0
20210623,cu2202,21:03:04,0,69750,4,69710,2,69830,2,348650,1.39E+06,2367,0,0
20210623,cu2202,21:03:06,0,69750,4,69690,2,69830,2,348650,1.39E+06,2367,0,0
20210623,cu2202,21:03:08,0,69750,4,69690,2,69810,2,348650,1.39E+06,2367,0,0
20210623,cu2202,21:03:10,0,69750,4,69690,2,69800,2,348650,1.39E+06,2367,0,0
20210623,cu2202,21:03:12,0,69750,4,69650,2,69780,2,348650,1.39E+06,2367,0,0
20210623,cu2202,21:03:17,500,69750,4,69650,2,69780,2,348650,1.39E+06,2367,0,0
20210623,cu2202,21:03:23,0,69750,4,69650,2,69770,2,348650,1.39E+06,2367,0,0
20210623,cu2202,21:03:26,0,69750,4,69660,1,69770,1,348650,1.39E+06,2367,0,0
20210623,cu2202,21:03:33,0,69750,4,69660,1,69760,1,348650,1.39E+06,2367,0,0
20210623,cu2202,21:03:39,0,69750,4,69650,3,69750,3,348650,1.39E+06,2367,0,0
20210623,cu2202,21:03:41,0,69750,4,69610,3,69740,3,348650,1.39E+06,2367,0,0
20210623,cu2202,21:03:43,0,69750,4,69610,3,69740,3,348650,1.39E+06,2367,0,0
20210623,cu2202,21:03:47,500,69750,4,69610,8,69750,8,348650,1.39E+06,2367,0,0
20210623,cu2202,21:03:49,500,69750,4,69660,2,69730,2,348650,1.39E+06,2367,0,0
20210623,cu2202,21:03:52,0,69750,4,69660,2,69770,2,348650,1.39E+06,2367,0,0
20210623,cu2202,21:03:54,0,69750,4,69630,2,69750,2,348650,1.39E+06,2367,0,0
20210623,cu2202,21:03:57,500,69750,4,69630,2,69760,2,348650,1.39E+06,2367,0,0
20210623,cu2202,21:03:59,500,69750,4,69640,1,69730,1,348650,1.39E+06,2367,0,0
20210623,cu2202,21:04:07,500,69750,4,69640,1,69730,1,348650,1.39E+06,2367,0,0
20210623,cu2202,21:04:09,500,69750,4,69620,3,69730,3,348650,1.39E+06,2367,0,0
20210623,cu2202,21:04:11,500,69750,4,69620,3,69710,3,348650,1.39E+06,2367,0,0
20210623,cu2202,21:04:16,0,69750,4,69620,3,69730,3,348650,1.39E+06,2367,0,0
20210623,cu2202,21:04:21,0,69750,4,69620,3,69720,3,348650,1.39E+06,2367,0,0
20210623,cu2202,21:04:24,500,69750,4,69620,3,69730,3,348650,1.39E+06,2367,0,0
20210623,cu2202,21:04:29,500,69750,4,69640,2,69740,2,348650,1.39E+06,2367,0,0
20210623,cu2202,21:04:32,0,69750,4,69640,2,69750,2,348650,1.39E+06,2367,0,0
20210623,cu2202,21:04:35,0,69750,4,69640,2,69750,2,348650,1.39E+06,2367,0,0
20210623,cu2202,21:04:41,0,69750,4,69640,2,69760,2,348650,1.39E+06,2367,0,0
20210623,cu2202,21:04:46,500,69750,4,69640,2,69750,2,348650,1.39E+06,2367,0,0
20210623,cu2202,21:04:56,0,69750,4,69640,2,69750,2,348650,1.39E+06,2367,0,0
20210623,cu2202,21:05:05,0,69750,4,69640,2,69750,2,348650,1.39E+06,2367,0,0
20210623,cu2202,21:05:08,0,69750,4,69640,6,69750,6,348650,1.39E+06,2367,0,0
20210623,cu2202,21:05:14,0,69750,4,69640,4,69750,4,348650,1.39E+06,2367,0,0
20210623,cu2202,21:05:16,500,69750,4,69640,3,69750,3,348650,1.39E+06,2367,0,0
20210623,cu2202,21:05:24,0,69750,4,69640,2,69760,2,348650,1.39E+06,2367,0,0
20210623,cu2202,21:05:29,0,69750,4,69640,3,69760,3,348650,1.39E+06,2367,0,0
20210623,cu2202,21:05:32,0,69750,4,69650,9,69770,9,348650,1.39E+06,2367,0,0
20210623,cu2202,21:05:34,500,69750,4,69660,1,69760,1,348650,1.39E+06,2367,0,0
20210623,cu2202,21:05:52,0,69750,4,69690,1,69760,1,348650,1.39E+06,2367,0,0
20210623,cu2202,21:05:54,500,69750,4,69700,1,69760,1,348650,1.39E+06,2367,0,0
20210623,cu2202,21:05:56,500,69750,4,69700,1,69800,1,348650,1.39E+06,2367,0,0
20210623,cu2202,21:06:01,500,69750,4,69700,1,69790,1,348650,1.39E+06,2367,0,0
20210623,cu2202,21:06:05,0,69750,4,69700,1,69780,1,348650,1.39E+06,2367,0,0
20210623,cu2202,21:06:08,500,69750,4,69610,1,69770,1,348650,1.39E+06,2367,0,0
20210623,cu2202,21:06:10,500,69750,4,69650,1,69770,1,348650,1.39E+06,2367,0,0
20210623,cu2202,21:06:16,500,69750,4,69650,1,69770,1,348650,1.39E+06,2367,0,0
20210623,cu2202,21:06:19,0,69750,4,69650,1,69750,1,348650,1.39E+06,2367,0,0
20210623,cu2202,21:06:23,0,69750,4,69650,1,69730,1,348650,1.39E+06,2367,0,0
20210623,cu2202,21:06:25,0,69750,4,69580,1,69720,1,348650,1.39E+06,2367,0,0
20210623,cu2202,21:06:27,0,69750,4,69620,1,69750,1,348650,1.39E+06,2367,0,0
20210623,cu2202,21:06:31,500,69750,4,69620,1,69740,1,348650,1.39E+06,2367,0,0
20210623,cu2202,21:06:41,0,69750,4,69640,1,69730,1,348650,1.39E+06,2367,0,0
20210623,cu2202,21:06:48,0,69750,4,69640,1,69730,1,348650,1.39E+06,2367,0,0
20210623,cu2202,21:06:52,500,69750,4,69640,1,69700,1,348650,1.39E+06,2367,0,0
20210623,cu2202,21:06:55,0,69750,4,69640,1,69720,1,348650,1.39E+06,2367,0,0
20210623,cu2202,21:06:58,0,69750,4,69580,1,69710,1,348650,1.39E+06,2367,0,0
20210623,cu2202,21:07:02,0,69750,4,69600,5,69700,5,348650,1.39E+06,2367,0,0
20210623,cu2202,21:07:16,500,69750,4,69620,1,69730,1,348650,1.39E+06,2367,0,0
20210623,cu2202,21:07:25,0,69750,4,69640,1,69730,1,348650,1.39E+06,2367,0,0
20210623,cu2202,21:07:27,500,69750,4,69590,4,69710,4,348650,1.39E+06,2367,0,0
20210623,cu2202,21:07:30,0,69750,4,69630,1,69710,1,348650,1.39E+06,2367,0,0
20210623,cu2202,21:07:32,0,69750,4,69640,1,69730,1,348650,1.39E+06,2367,0,0
20210623,cu2202,21:07:35,500,69750,4,69630,1,69710,1,348650,1.39E+06,2367,0,0
20210623,cu2202,21:07:45,0,69750,4,69630,1,69720,1,348650,1.39E+06,2367,0,0
20210623,cu2202,21:07:51,0,69750,4,69640,1,69730,1,348650,1.39E+06,2367,0,0
20210623,cu2202,21:07:53,500,69750,4,69660,1,69730,1,348650,1.39E+06,2367,0,0
20210623,cu2202,21:07:55,500,69750,4,69640,5,69780,5,348650,1.39E+06,2367,0,0
20210623,cu2202,21:07:59,500,69750,4,69650,9,69760,9,348650,1.39E+06,2367,0,0
20210623,cu2202,21:08:05,0,69750,4,69670,4,69760,4,348650,1.39E+06,2367,0,0
20210623,cu2202,21:08:11,0,69750,4,69630,1,69780,1,348650,1.39E+06,2367,0,0
20210623,cu2202,21:08:14,0,69750,4,69660,1,69770,1,348650,1.39E+06,2367,0,0
20210623,cu2202,21:08:19,0,69750,4,69680,1,69770,1,348650,1.39E+06,2367,0,0
20210623,cu2202,21:08:28,500,69750,4,69680,1,69810,1,348650,1.39E+06,2367,0,0
20210623,cu2202,21:08:32,0,69750,4,69690,1,69780,1,348650,1.39E+06,2367,0,0
20210623,cu2202,21:08:36,0,69750,4,69680,1,69760,1,348650,1.39E+06,2367,0,0
20210623,cu2202,21:08:40,0,69750,4,69690,1,69780,1,348650,1.39E+06,2367,0,0
20210623,cu2202,21:08:45,500,69750,4,69690,1,69770,1,348650,1.39E+06,2367,0,0
20210623,cu2202,21:08:48,0,69750,4,69680,1,69780,1,348650,1.39E+06,2367,0,0
20210623,cu2202,21:09:02,500,69750,4,69690,1,69770,1,348650,1.39E+06,2367,0,0
20210623,cu2202,21:09:06,0,69750,4,69690,1,69780,1,348650,1.39E+06,2367,0,0
20210623,cu2202,21:09:12,500,69750,4,69690,1,69790,1,348650,1.39E+06,2367,0,0
20210623,cu2202,21:09:30,500,69750,4,69690,1,69800,1,348650,1.39E+06,2367,0,0
20210623,cu2202,21:09:40,500,69750,4,69680,1,69740,1,348650,1.39E+06,2367,0,0
20210623,cu2202,21:09:42,500,69750,4,69660,1,69760,1,348650,1.39E+06,2367,0,0
20210623,cu2202,21:09:46,500,69750,4,69660,1,69710,1,348650,1.39E+06,2367,0,0
20210623,cu2202,21:09:50,0,69750,4,69610,4,69750,4,348650,1.39E+06,2367,0,0
20210623,cu2202,21:09:52,500,69750,4,69640,1,69750,1,348650,1.39E+06,2367,0,0
20210623,cu2202,21:09:59,0,69750,4,69650,1,69750,1,348650,1.39E+06,2367,0,0
20210623,cu2202,21:10:01,500,69750,4,69650,1,69730,1,348650,1.39E+06,2367,0,0
20210623,cu2202,21:10:07,500,69750,4,69650,1,69750,1,348650,1.39E+06,2367,0,0
20210623,cu2202,21:10:12,0,69750,4,69650,1,69750,1,348650,1.39E+06,2367,0,0
20210623,cu2202,21:10:14,500,69750,4,69650,1,69700,1,348650,1.39E+06,2367,0,0
20210623,cu2202,21:10:25,0,69750,4,69650,1,69740,1,348650,1.39E+06,2367,0,0
20210623,cu2202,21:10:33,500,69750,4,69650,1,69740,1,348650,1.39E+06,2367,0,0
20210623,cu2202,21:10:36,500,69750,4,69650,1,69740,1,348650,1.39E+06,2367,0,0
20210623,cu2202,21:10:42,500,69750,4,69650,1,69740,1,348650,1.39E+06,2367,0,0
20210623,cu2202,21:10:47,500,69750,4,69630,1,69740,1,348650,1.39E+06,2367,0,0
20210623,cu2202,21:10:49,500,69750,4,69640,1,69720,1,348650,1.39E+06,2367,0,0
20210623,cu2202,21:10:53,0,69750,4,69640,1,69730,1,348650,1.39E+06,2367,0,0
20210623,cu2202,21:10:57,500,69750,4,69660,2,69750,2,348650,1.39E+06,2367,0,0
20210623,cu2202,21:11:04,500,69750,4,69670,2,69750,2,348650,1.39E+06,2367,0,0
20210623,cu2202,21:11:19,500,69750,4,69660,1,69740,1,348650,1.39E+06,2367,0,0
20210623,cu2202,21:11:23,0,69750,4,69630,1,69730,1,348650,1.39E+06,2367,0,0
20210623,cu2202,21:11:35,500,69750,4,69640,1,69730,1,348650,1.39E+06,2367,0,0
20210623,cu2202,21:11:41,500,69640,5,69620,2,69730,2,348560,1.74E+06,2368,0,0
20210623,cu2202,21:11:45,500,69640,5,69630,1,69730,1,348560,1.74E+06,2368,0,0
20210623,cu2202,21:11:53,0,69640,5,69630,1,69810,1,348560,1.74E+06,2368,0,0
20210623,cu2202,21:11:55,0,69640,5,69630,1,69740,1,348560,1.74E+06,2368,0,0
20210623,cu2202,21:11:57,0,69640,5,69630,1,69720,1,348560,1.74E+06,2368,0,0
20210623,cu2202,21:12:02,0,69640,5,69650,2,69760,2,348560,1.74E+06,2368,0,0
20210623,cu2202,21:12:09,0,69640,5,69650,2,69740,2,348560,1.74E+06,2368,0,0
20210623,cu2202,21:12:12,0,69640,5,69630,1,69720,1,348560,1.74E+06,2368,0,0
20210623,cu2202,21:12:23,0,69640,5,69630,1,69720,1,348560,1.74E+06,2368,0,0
20210623,cu2202,21:12:31,0,69640,5,69630,1,69720,1,348560,1.74E+06,2368,0,0
20210623,cu2202,21:12:33,500,69640,5,69590,1,69710,1,348560,1.74E+06,2368,0,0
20210623,cu2202,21:12:35,500,69640,5,69610,2,69700,2,348560,1.74E+06,2368,0,0
20210623,cu2202,21:12:38,0,69640,5,69610,2,69740,2,348560,1.74E+06,2368,0,0
20210623,cu2202,21:12:41,500,69640,5,69610,2,69720,2,348560,1.74E+06,2368,0,0
20210623,cu2202,21:12:43,500,69640,5,69610,2,69700,2,348560,1.74E+06,2368,0,0
20210623,cu2202,21:12:53,500,69640,5,69610,2,69720,2,348560,1.74E+06,2368,0,0
20210623,cu2202,21:12:56,0,69640,5,69610,2,69720,2,348560,1.74E+06,2368,0,0
20210623,cu2202,21:12:59,0,69640,5,69610,2,69720,2,348560,1.74E+06,2368,0,0
20210623,cu2202,21:13:03,500,69640,5,69610,2,69720,2,348560,1.74E+06,2368,0,0
20210623,cu2202,21:13:05,500,69640,5,69610,2,69710,2,348560,1.74E+06,2368,0,0
20210623,cu2202,21:13:08,0,69640,5,69610,2,69700,2,348560,1.74E+06,2368,0,0
20210623,cu2202,21:13:16,500,69640,5,69620,3,69740,3,348560,1.74E+06,2368,0,0
20210623,cu2202,21:13:19,0,69640,5,69640,1,69720,1,348560,1.74E+06,2368,0,0
20210623,cu2202,21:13:24,500,69640,5,69640,1,69740,1,348560,1.74E+06,2368,0,0
20210623,cu2202,21:13:31,0,69640,5,69650,1,69740,1,348560,1.74E+06,2368,0,0
20210623,cu2202,21:13:37,500,69640,5,69660,4,69790,4,348560,1.74E+06,2368,0,0
20210623,cu2202,21:13:40,0,69640,5,69650,5,69780,5,348560,1.74E+06,2368,0,0
20210623,cu2202,21:13:42,500,69640,5,69650,5,69770,5,348560,1.74E+06,2368,0,0
20210623,cu2202,21:13:48,0,69640,5,69650,6,69770,6,348560,1.74E+06,2368,0,0
20210623,cu2202,21:13:51,500,69640,5,69660,6,69770,6,348560,1.74E+06,2368,0,0
20210623,cu2202,21:13:53,500,69640,5,69690,1,69780,1,348560,1.74E+06,2368,0,0
20210623,cu2202,21:13:56,500,69640,5,69650,1,69780,1,348560,1.74E+06,2368,0,0
20210623,cu2202,21:14:02,500,69640,5,69660,1,69760,1,348560,1.74E+06,2368,0,0
20210623,cu2202,21:14:05,0,69640,5,69680,1,69760,1,348560,1.74E+06,2368,0,0
20210623,cu2202,21:14:22,0,69640,5,69680,1,69780,1,348560,1.74E+06,2368,0,0
20210623,cu2202,21:14:54,500,69640,5,69690,2,69780,2,348560,1.74E+06,2368,0,0
20210623,cu2202,21:15:03,0,69640,5,69710,1,69790,1,348560,1.74E+06,2368,0,0
20210623,cu2202,21:15:06,0,69640,5,69710,1,69820,1,348560,1.74E+06,2368,0,0
20210623,cu2202,21:15:09,500,69640,5,69710,1,69820,1,348560,1.74E+06,2368,0,0
20210623,cu2202,21:15:22,0,69640,5,69710,3,69850,3,348560,1.74E+06,2368,0,0
20210623,cu2202,21:15:25,0,69640,5,69730,1,69830,1,348560,1.74E+06,2368,0,0
20210623,cu2202,21:15:28,0,69640,5,69750,1,69830,1,348560,1.74E+06,2368,0,0
20210623,cu2202,21:15:40,500,69640,5,69750,1,69990,1,348560,1.74E+06,2368,0,0
20210623,cu2202,21:15:42,500,69640,5,69760,1,69810,1,348560,1.74E+06,2368,0,0
20210623,cu2202,21:15:45,0,69640,5,69770,1,69810,1,348560,1.74E+06,2368,0,0
20210623,cu2202,21:15:47,0,69640,5,69770,1,69810,1,348560,1.74E+06,2368,0,0
20210623,cu2202,21:15:55,0,69640,5,69770,1,69780,1,348560,1.74E+06,2368,0,0
20210623,cu2202,21:16:02,0,69780,8,69770,1,69810,1,348688,2.79E+06,2369,0,0
20210623,cu2202,21:16:04,0,69780,8,69770,1,69870,1,348688,2.79E+06,2369,0,0
20210623,cu2202,21:16:08,0,69780,8,69770,1,69870,1,348688,2.79E+06,2369,0,0
20210623,cu2202,21:16:10,0,69780,8,69770,1,69850,1,348688,2.79E+06,2369,0,0
20210623,cu2202,21:16:15,0,69780,8,69770,1,69880,1,348688,2.79E+06,2369,0,0
20210623,cu2202,21:16:20,0,69780,8,69770,1,69860,1,348688,2.79E+06,2369,0,0
20210623,cu2202,21:16:22,500,69780,8,69680,1,69850,1,348688,2.79E+06,2369,0,0
20210623,cu2202,21:16:25,0,69780,8,69690,1,69850,1,348688,2.79E+06,2369,0,0
20210623,cu2202,21:16:28,0,69780,8,69710,1,69850,1,348688,2.79E+06,2369,0,0
20210623,cu2202,21:16:31,0,69780,8,69760,1,69850,1,348688,2.79E+06,2369,0,0
20210623,cu2202,21:16:35,0,69780,8,69760,1,69860,1,348688,2.79E+06,2369,0,0
20210623,cu2202,21:16:59,0,69780,8,69760,1,69880,1,348688,2.79E+06,2369,0,0
20210623,cu2202,21:17:01,0,69780,8,69760,1,69870,1,348688,2.79E+06,2369,0,0
20210623,cu2202,21:17:12,500,69780,8,69760,1,69870,1,348688,2.79E+06,2369,0,0
20210623,cu2202,21:17:22,500,69780,8,69760,1,69960,1,348688,2.79E+06,2369,0,0
20210623,cu2202,21:17:24,500,69780,8,69760,1,69890,1,348688,2.79E+06,2369,0,0
20210623,cu2202,21:17:27,0,69780,8,69760,1,69890,1,348688,2.79E+06,2369,0,0
20210623,cu2202,21:17:39,0,69780,8,69760,1,69870,1,348688,2.79E+06,2369,0,0
20210623,cu2202,21:17:44,0,69780,8,69750,1,69850,1,348688,2.79E+06,2369,0,0
20210623,cu2202,21:17:47,500,69780,8,69760,1,69850,1,348688,2.79E+06,2369,0,0
20210623,cu2202,21:17:59,0,69780,8,69750,1,69850,1,348688,2.79E+06,2369,0,0
20210623,cu2202,21:18:03,0,69780,8,69760,1,69850,1,348688,2.79E+06,2369,0,0
20210623,cu2202,21:18:05,0,69780,8,69760,3,69890,3,348688,2.79E+06,2369,0,0
20210623,cu2202,21:18:07,0,69780,8,69780,1,69910,1,348688,2.79E+06,2369,0,0
20210623,cu2202,21:18:09,0,69890,9,69810,1,69910,1,348772,3.14E+06,2369,0,0
20210623,cu2202,21:18:12,0,69890,9,69810,1,69890,1,348772,3.14E+06,2369,0,0
20210623,cu2202,21:18:15,0,69890,9,69810,1,69900,1,348772,3.14E+06,2369,0,0
20210623,cu2202,21:18:19,500,69890,9,69750,1,69900,1,348772,3.14E+06,2369,0,0
20210623,cu2202,21:18:21,500,69890,9,69790,1,69880,1,348772,3.14E+06,2369,0,0
20210623,cu2202,21:18:24,0,69890,9,69790,1,69880,1,348772,3.14E+06,2369,0,0
20210623,cu2202,21:18:26,500,69890,9,69790,1,69880,1,348772,3.14E+06,2369,0,0
20210623,cu2202,21:18:28,500,69890,9,69740,5,69860,5,348772,3.14E+06,2369,0,0
20210623,cu2202,21:18:30,500,69890,9,69760,2,69820,2,348772,3.14E+06,2369,0,0
20210623,cu2202,21:18:32,500,69890,9,69760,2,69850,2,348772,3.14E+06,2369,0,0
20210623,cu2202,21:18:34,500,69890,9,69730,1,69840,1,348772,3.14E+06,2369,0,0
20210623,cu2202,21:18:40,0,69890,9,69750,5,69840,5,348772,3.14E+06,2369,0,0
20210623,cu2202,21:18:48,0,69890,9,69760,1,69850,1,348772,3.14E+06,2369,0,0
20210623,cu2202,21:18:58,500,69890,9,69770,1,69840,1,348772,3.14E+06,2369,0,0
20210623,cu2202,21:19:04,0,69890,9,69660,1,69840,1,348772,3.14E+06,2369,0,0
20210623,cu2202,21:19:06,0,69890,9,69740,1,69820,1,348772,3.14E+06,2369,0,0
20210623,cu2202,21:19:10,0,69820,10,69740,1,69870,1,348805,3.49E+06,2369,0,0
20210623,cu2202,21:19:12,500,69820,10,69770,1,69870,1,348805,3.49E+06,2369,0,0
20210623,cu2202,21:19:15,0,69820,10,69750,1,69870,1,348805,3.49E+06,2369,0,0
20210623,cu2202,21:19:18,500,69820,10,69770,2,69870,2,348805,3.49E+06,2369,0,0
20210623,cu2202,21:19:22,0,69820,10,69750,1,69860,1,348805,3.49E+06,2369,0,0
20210623,cu2202,21:19:24,500,69820,10,69710,4,69860,4,348805,3.49E+06,2369,0,0
20210623,cu2202,21:19:28,500,69820,10,69740,1,69850,1,348805,3.49E+06,2369,0,0
20210623,cu2202,21:19:39,0,69820,10,69760,1,69870,1,348805,3.49E+06,2369,0,0
20210623,cu2202,21:19:41,500,69820,10,69760,1,69890,1,348805,3.49E+06,2369,0,0
20210623,cu2202,21:19:45,500,69820,10,69720,4,69890,4,348805,3.49E+06,2369,0,0
20210623,cu2202,21:19:48,0,69820,10,69750,1,69890,1,348805,3.49E+06,2369,0,0
20210623,cu2202,21:19:50,500,69820,10,69750,1,69850,1,348805,3.49E+06,2369,0,0
20210623,cu2202,21:19:57,0,69820,10,69750,1,69850,1,348805,3.49E+06,2369,0,0
20210623,cu2202,21:20:01,500,69820,10,69750,1,69850,1,348805,3.49E+06,2369,0,0
20210623,cu2202,21:20:13,0,69820,10,69760,1,69890,1,348805,3.49E+06,2369,0,0
20210623,cu2202,21:20:17,500,69820,10,69760,1,69870,1,348805,3.49E+06,2369,0,0
20210623,cu2202,21:20:41,0,69820,10,69760,1,69880,1,348805,3.49E+06,2369,0,0
20210623,cu2202,21:20:56,500,69820,10,69760,1,69880,1,348805,3.49E+06,2369,0,0
20210623,cu2202,21:21:21,0,69820,10,69780,1,69860,1,348805,3.49E+06,2369,0,0
20210623,cu2202,21:21:38,500,69820,10,69850,1,69880,1,348805,3.49E+06,2369,0,0
20210623,cu2202,21:21:59,500,69850,11,69780,1,69870,1,348845,3.84E+06,2368,0,0
20210623,cu2202,21:22:12,0,69850,11,69780,1,69880,1,348845,3.84E+06,2368,0,0
20210623,cu2202,21:22:16,0,69850,11,69810,1,69850,1,348845,3.84E+06,2368,0,0
20210623,cu2202,21:22:23,0,69850,11,69810,1,69840,1,348845,3.84E+06,2368,0,0
20210623,cu2202,21:22:28,500,69850,11,69810,1,69850,1,348845,3.84E+06,2368,0,0
20210623,cu2202,21:22:32,0,69850,11,69800,1,69850,1,348845,3.84E+06,2368,0,0
20210623,cu2202,21:22:38,500,69850,11,69800,1,69850,1,348845,3.84E+06,2368,0,0
20210623,cu2202,21:22:41,500,69810,12,69720,1,69890,1,348862,4.19E+06,2369,0,0
20210623,cu2202,21:22:43,500,69810,12,69770,1,69890,1,348862,4.19E+06,2369,0,0
20210623,cu2202,21:22:54,0,69810,12,69770,1,69900,1,348862,4.19E+06,2369,0,0
20210623,cu2202,21:23:03,500,69810,12,69790,1,69880,1,348862,4.19E+06,2369,0,0
20210623,cu2202,21:23:23,0,69810,12,69790,1,69830,1,348862,4.19E+06,2369,0,0
20210623,cu2202,21:23:29,500,69810,12,69750,1,69900,1,348862,4.19E+06,2369,0,0
20210623,cu2202,21:23:32,0,69810,12,69750,1,69880,1,348862,4.19E+06,2369,0,0
20210623,cu2202,21:23:40,500,69810,12,69750,1,69850,1,348862,4.19E+06,2369,0,0
20210623,cu2202,21:23:53,500,69810,12,69760,1,69840,1,348862,4.19E+06,2369,0,0
20210623,cu2202,21:24:03,0,69810,12,69760,1,69840,1,348862,4.19E+06,2369,0,0
20210623,cu2202,21:24:34,0,69810,12,69690,1,69840,1,348862,4.19E+06,2369,0,0
20210623,cu2202,21:24:43,0,69810,12,69730,1,69840,1,348862,4.19E+06,2369,0,0
20210623,cu2202,21:24:48,0,69810,12,69720,1,69880,1,348862,4.19E+06,2369,0,0
20210623,cu2202,21:24:52,500,69810,12,69720,1,69830,1,348862,4.19E+06,2369,0,0
20210623,cu2202,21:24:58,0,69810,12,69730,1,69820,1,348862,4.19E+06,2369,0,0
20210623,cu2202,21:25:11,500,69810,12,69750,1,69880,1,348862,4.19E+06,2369,0,0
20210623,cu2202,21:25:32,500,69810,12,69780,1,69900,1,348862,4.19E+06,2369,0,0
20210623,cu2202,21:25:41,500,69810,12,69780,1,69890,1,348862,4.19E+06,2369,0,0
20210623,cu2202,21:25:53,500,69810,12,69780,1,69880,1,348862,4.19E+06,2369,0,0
20210623,cu2202,21:25:58,500,69810,12,69780,1,69880,1,348862,4.19E+06,2369,0,0
20210623,cu2202,21:26:04,500,69810,12,69790,1,69900,1,348862,4.19E+06,2369,0,0
20210623,cu2202,21:26:11,0,69810,12,69790,1,69900,1,348862,4.19E+06,2369,0,0
20210623,cu2202,21:26:20,0,69810,12,69810,1,69950,1,348862,4.19E+06,2369,0,0
20210623,cu2202,21:26:27,500,69810,12,69830,1,69940,1,348862,4.19E+06,2369,0,0
20210623,cu2202,21:26:33,500,69810,12,69830,1,69930,1,348862,4.19E+06,2369,0,0
20210623,cu2202,21:26:42,0,69810,12,69840,1,69930,1,348862,4.19E+06,2369,0,0
20210623,cu2202,21:26:44,500,69810,12,69830,1,69920,1,348862,4.19E+06,2369,0,0
20210623,cu2202,21:26:46,500,69810,12,69840,1,69920,1,348862,4.19E+06,2369,0,0
20210623,cu2202,21:26:48,500,69810,12,69830,1,69920,1,348862,4.19E+06,2369,0,0
20210623,cu2202,21:26:50,500,69810,12,69830,1,69920,1,348862,4.19E+06,2369,0,0
20210623,cu2202,21:26:55,0,69810,12,69840,1,69920,1,348862,4.19E+06,2369,0,0
20210623,cu2202,21:26:59,500,69810,12,69840,1,69920,1,348862,4.19E+06,2369,0,0
20210623,cu2202,21:27:02,0,69810,12,69840,1,69890,1,348862,4.19E+06,2369,0,0
20210623,cu2202,21:27:25,500,69810,12,69860,2,69900,2,348862,4.19E+06,2369,0,0
20210623,cu2202,21:28:06,500,69810,12,69860,1,69900,1,348862,4.19E+06,2369,0,0
20210623,cu2202,21:28:18,500,69810,12,69860,1,69890,1,348862,4.19E+06,2369,0,0
20210623,cu2202,21:28:23,0,69810,12,69800,9,69880,9,348862,4.19E+06,2369,0,0
20210623,cu2202,21:28:25,0,69810,12,69830,1,69940,1,348862,4.19E+06,2369,0,0
20210623,cu2202,21:28:27,0,69810,12,69830,1,69930,1,348862,4.19E+06,2369,0,0
20210623,cu2202,21:28:34,500,69810,12,69830,1,69880,1,348862,4.19E+06,2369,0,0
20210623,cu2202,21:28:39,500,69810,12,69830,1,69960,1,348862,4.19E+06,2369,0,0
20210623,cu2202,21:28:43,500,69810,12,69830,1,69960,1,348862,4.19E+06,2369,0,0
20210623,cu2202,21:28:50,0,69810,12,69830,1,69930,1,348862,4.19E+06,2369,0,0
20210623,cu2202,21:28:53,500,69810,12,69830,1,69960,1,348862,4.19E+06,2369,0,0
20210623,cu2202,21:28:56,500,69810,12,69830,1,69940,1,348862,4.19E+06,2369,0,0
20210623,cu2202,21:29:00,500,69810,12,69830,1,69880,1,348862,4.19E+06,2369,0,0
20210623,cu2202,21:29:05,500,69810,12,69850,1,69930,1,348862,4.19E+06,2369,0,0
20210623,cu2202,21:29:09,0,69810,12,69830,3,69950,3,348862,4.19E+06,2369,0,0
20210623,cu2202,21:29:26,0,69810,12,69830,1,69930,1,348862,4.19E+06,2369,0,0
20210623,cu2202,21:29:32,500,69810,12,69720,2,69920,2,348862,4.19E+06,2369,0,0
20210623,cu2202,21:29:34,500,69810,12,69810,4,69970,4,348862,4.19E+06,2369,0,0
20210623,cu2202,21:29:41,500,69810,12,69820,3,69950,3,348862,4.19E+06,2369,0,0
20210623,cu2202,21:29:44,0,69810,12,69820,4,69940,4,348862,4.19E+06,2369,0,0
20210623,cu2202,21:29:48,0,69810,12,69840,5,69940,5,348862,4.19E+06,2369,0,0
20210623,cu2202,21:29:50,0,69810,12,69870,4,69910,4,348862,4.19E+06,2369,0,0
20210623,cu2202,21:30:01,0,69910,13,69880,1,69940,1,348915,4.54E+06,2369,0,0
20210623,cu2202,21:30:03,0,69910,13,69910,1,69990,1,348915,4.54E+06,2369,0,0
20210623,cu2202,21:30:05,500,69910,13,69870,1,69990,1,348915,4.54E+06,2369,0,0
20210623,cu2202,21:30:10,0,69910,13,69870,1,69970,1,348915,4.54E+06,2369,0,0
20210623,cu2202,21:30:13,500,69910,13,69840,2,69970,2,348915,4.54E+06,2369,0,0
20210623,cu2202,21:30:22,0,69910,13,69840,2,69970,2,348915,4.54E+06,2369,0,0
20210623,cu2202,21:30:24,500,69910,13,69840,2,69970,2,348915,4.54E+06,2369,0,0
20210623,cu2202,21:30:31,0,69910,13,69840,2,69970,2,348915,4.54E+06,2369,0,0
20210623,cu2202,21:30:38,500,69910,13,69870,3,70000,3,348915,4.54E+06,2369,0,0
20210623,cu2202,21:30:49,0,69910,13,69870,1,70000,1,348915,4.54E+06,2369,0,0
20210623,cu2202,21:31:05,500,69910,13,69890,1,70000,1,348915,4.54E+06,2369,0,0
20210623,cu2202,21:31:20,500,69910,13,69890,1,70000,1,348915,4.54E+06,2369,0,0
20210623,cu2202,21:31:31,500,69910,13,69910,1,70000,1,348915,4.54E+06,2369,0,0
20210623,cu2202,21:31:34,500,69910,13,69930,1,70000,1,348915,4.54E+06,2369,0,0
20210623,cu2202,21:31:41,0,69910,13,69960,2,70000,2,348915,4.54E+06,2369,0,0
20210623,cu2202,21:31:53,0,70000,14,69980,1,70200,1,348993,4.89E+06,2369,0,0
20210623,cu2202,21:31:55,0,70000,14,69990,1,70120,1,348993,4.89E+06,2369,0,0
20210623,cu2202,21:31:59,0,70000,14,69990,1,70100,1,348993,4.89E+06,2369,0,0
20210623,cu2202,21:32:04,0,70000,14,69990,1,70100,1,348993,4.89E+06,2369,0,0
20210623,cu2202,21:32:06,500,70000,14,69990,1,70100,1,348993,4.89E+06,2369,0,0
20210623,cu2202,21:32:10,0,70000,14,70000,1,70100,1,348993,4.89E+06,2369,0,0
20210623,cu2202,21:32:13,0,70000,14,69970,1,70100,1,348993,4.89E+06,2369,0,0
20210623,cu2202,21:32:18,500,70000,14,69980,2,70100,2,348993,4.89E+06,2369,0,0
20210623,cu2202,21:32:22,0,70000,14,69980,1,70100,1,348993,4.89E+06,2369,0,0
20210623,cu2202,21:32:35,0,70000,14,69980,1,70100,1,348993,4.89E+06,2369,0,0
20210623,cu2202,21:32:40,0,70000,14,69980,1,70090,1,348993,4.89E+06,2369,0,0
20210623,cu2202,21:32:47,0,70000,14,70000,1,70120,1,348993,4.89E+06,2369,0,0
20210623,cu2202,21:32:59,500,70000,14,70000,1,70120,1,348993,4.89E+06,2369,0,0
20210623,cu2202,21:33:11,500,70000,14,70000,1,70110,1,348993,4.89E+06,2369,0,0
20210623,cu2202,21:33:18,0,70000,14,70000,1,70100,1,348993,4.89E+06,2369,0,0
20210623,cu2202,21:33:22,0,70000,14,70000,1,70110,1,348993,4.89E+06,2369,0,0
20210623,cu2202,21:33:35,500,70000,14,70010,2,70120,2,348993,4.89E+06,2369,0,0
20210623,cu2202,21:33:48,0,70000,14,70020,1,70120,1,348993,4.89E+06,2369,0,0
20210623,cu2202,21:33:56,500,70000,14,70020,1,70120,1,348993,4.89E+06,2369,0,0
20210623,cu2202,21:34:06,500,70000,14,70000,3,70120,3,348993,4.89E+06,2369,0,0
20210623,cu2202,21:34:08,500,70000,14,70020,5,70140,5,348993,4.89E+06,2369,0,0
20210623,cu2202,21:34:10,500,70000,14,70030,1,70130,1,348993,4.89E+06,2369,0,0
20210623,cu2202,21:34:17,0,70000,14,70030,1,70140,1,348993,4.89E+06,2369,0,0
20210623,cu2202,21:34:19,500,70000,14,70040,1,70130,1,348993,4.89E+06,2369,0,0
20210623,cu2202,21:34:21,500,70000,14,70010,1,70130,1,348993,4.89E+06,2369,0,0
20210623,cu2202,21:34:35,0,70000,14,70030,3,70200,3,348993,4.89E+06,2369,0,0
20210623,cu2202,21:34:39,0,70000,14,70030,1,70160,1,348993,4.89E+06,2369,0,0
20210623,cu2202,21:34:41,0,70000,14,70030,1,70140,1,348993,4.89E+06,2369,0,0
20210623,cu2202,21:34:43,0,70000,14,70050,1,70140,1,348993,4.89E+06,2369,0,0
20210623,cu2202,21:34:47,0,70000,14,70030,1,70140,1,348993,4.89E+06,2369,0,0
20210623,cu2202,21:34:50,500,70000,14,70050,1,70140,1,348993,4.89E+06,2369,0,0
20210623,cu2202,21:34:56,0,70000,14,70060,5,70170,5,348993,4.89E+06,2369,0,0
20210623,cu2202,21:34:58,0,70000,14,70070,1,70190,1,348993,4.89E+06,2369,0,0
20210623,cu2202,21:35:01,0,70000,14,70070,1,70200,1,348993,4.89E+06,2369,0,0
20210623,cu2202,21:35:03,0,70000,14,70090,1,70190,1,348993,4.89E+06,2369,0,0
20210623,cu2202,21:35:05,500,70000,14,70070,2,70200,2,348993,4.89E+06,2369,0,0
20210623,cu2202,21:35:12,500,70000,14,70070,2,70200,2,348993,4.89E+06,2369,0,0
20210623,cu2202,21:35:18,0,70000,14,70070,2,70200,2,348993,4.89E+06,2369,0,0
20210623,cu2202,21:35:31,500,70000,14,70070,3,70200,3,348993,4.89E+06,2369,0,0
20210623,cu2202,21:35:42,500,70000,14,70100,1,70200,1,348993,4.89E+06,2369,0,0
20210623,cu2202,21:35:51,0,70000,14,70110,1,70240,1,348993,4.89E+06,2369,0,0
20210623,cu2202,21:35:55,500,70000,14,70120,1,70240,1,348993,4.89E+06,2369,0,0
20210623,cu2202,21:36:04,500,70000,14,70110,1,70240,1,348993,4.89E+06,2369,0,0
20210623,cu2202,21:36:06,500,70000,14,70110,1,70230,1,348993,4.89E+06,2369,0,0
20210623,cu2202,21:36:08,500,70000,14,70120,1,70220,1,348993,4.89E+06,2369,0,0
20210623,cu2202,21:36:11,0,70000,14,70120,1,70270,1,348993,4.89E+06,2369,0,0
20210623,cu2202,21:36:13,0,70000,14,70120,1,70260,1,348993,4.89E+06,2369,0,0
20210623,cu2202,21:36:16,0,70000,14,70130,1,70250,1,348993,4.89E+06,2369,0,0
20210623,cu2202,21:36:22,0,70000,14,70150,4,70260,4,348993,4.89E+06,2369,0,0
20210623,cu2202,21:36:25,500,70000,14,70160,1,70260,1,348993,4.89E+06,2369,0,0
20210623,cu2202,21:36:29,0,70000,14,70160,1,70290,1,348993,4.89E+06,2369,0,0
20210623,cu2202,21:36:44,0,70000,14,70180,1,70290,1,348993,4.89E+06,2369,0,0
20210623,cu2202,21:36:49,500,70000,14,70160,1,70290,1,348993,4.89E+06,2369,0,0
20210623,cu2202,21:36:52,500,70000,14,70080,2,70270,2,348993,4.89E+06,2369,0,0
20210623,cu2202,21:36:55,0,70000,14,70090,1,70260,1,348993,4.89E+06,2369,0,0
20210623,cu2202,21:36:57,0,70000,14,70090,1,70260,1,348993,4.89E+06,2369,0,0
20210623,cu2202,21:36:59,500,70000,14,70090,1,70260,1,348993,4.89E+06,2369,0,0
20210623,cu2202,21:37:04,0,70000,14,70090,5,70260,5,348993,4.89E+06,2369,0,0
20210623,cu2202,21:37:14,500,70000,14,70140,1,70260,1,348993,4.89E+06,2369,0,0
20210623,cu2202,21:37:20,0,70000,14,70140,1,70240,1,348993,4.89E+06,2369,0,0
20210623,cu2202,21:37:24,500,70000,14,70140,1,70270,1,348993,4.89E+06,2369,0,0
20210623,cu2202,21:37:28,0,70000,14,70160,2,70290,2,348993,4.89E+06,2369,0,0
20210623,cu2202,21:37:30,0,70000,14,70170,2,70280,2,348993,4.89E+06,2369,0,0
20210623,cu2202,21:37:35,0,70000,14,70180,1,70320,1,348993,4.89E+06,2369,0,0
20210623,cu2202,21:37:37,0,70000,14,70170,2,70300,2,348993,4.89E+06,2369,0,0
20210623,cu2202,21:37:42,0,70000,14,70060,1,70280,1,348993,4.89E+06,2369,0,0
20210623,cu2202,21:37:44,0,70000,14,70150,3,70270,3,348993,4.89E+06,2369,0,0
20210623,cu2202,21:37:47,0,70000,14,70150,3,70250,3,348993,4.89E+06,2369,0,0
20210623,cu2202,21:37:51,0,70000,14,70150,3,70270,3,348993,4.89E+06,2369,0,0
20210623,cu2202,21:37:58,500,70000,14,70120,1,70270,1,348993,4.89E+06,2369,0,0
20210623,cu2202,21:38:01,0,70000,14,70120,1,70270,1,348993,4.89E+06,2369,0,0
20210623,cu2202,21:38:04,0,70000,14,70120,1,70260,1,348993,4.89E+06,2369,0,0
20210623,cu2202,21:38:14,500,70000,14,70110,2,70250,2,348993,4.89E+06,2369,0,0
20210623,cu2202,21:38:17,0,70000,14,70080,1,70240,1,348993,4.89E+06,2369,0,0
20210623,cu2202,21:38:19,0,70000,14,70090,1,70230,1,348993,4.89E+06,2369,0,0
20210623,cu2202,21:38:23,0,70000,14,70070,1,70220,1,348993,4.89E+06,2369,0,0
20210623,cu2202,21:38:37,0,70000,14,70070,1,70220,1,348993,4.89E+06,2369,0,0
20210623,cu2202,21:38:40,0,70000,14,70110,1,70240,1,348993,4.89E+06,2369,0,0
20210623,cu2202,21:38:43,0,70000,14,70130,2,70250,2,348993,4.89E+06,2369,0,0
20210623,cu2202,21:38:47,500,70000,14,70130,1,70250,1,348993,4.89E+06,2369,0,0
20210623,cu2202,21:38:54,0,70000,14,70140,1,70250,1,348993,4.89E+06,2369,0,0
20210623,cu2202,21:38:59,500,70000,14,70030,1,70240,1,348993,4.89E+06,2369,0,0
20210623,cu2202,21:39:01,500,70000,14,70110,1,70260,1,348993,4.89E+06,2369,0,0
20210623,cu2202,21:39:08,0,70000,14,70110,1,70280,1,348993,4.89E+06,2369,0,0
20210623,cu2202,21:39:14,500,70000,14,70110,4,70270,4,348993,4.89E+06,2369,0,0
20210623,cu2202,21:39:34,0,70000,14,70110,4,70300,4,348993,4.89E+06,2369,0,0
20210623,cu2202,21:39:37,500,70000,14,70110,1,70280,1,348993,4.89E+06,2369,0,0
20210623,cu2202,21:39:42,500,70000,14,70110,1,70270,1,348993,4.89E+06,2369,0,0
20210623,cu2202,21:39:45,500,70000,14,70110,1,70250,1,348993,4.89E+06,2369,0,0
20210623,cu2202,21:39:48,0,70000,14,70110,1,70240,1,348993,4.89E+06,2369,0,0
20210623,cu2202,21:39:51,500,70000,14,70010,1,70220,1,348993,4.89E+06,2369,0,0
20210623,cu2202,21:39:53,500,70000,14,70090,1,70220,1,348993,4.89E+06,2369,0,0
20210623,cu2202,21:40:00,500,70000,14,70090,1,70220,1,348993,4.89E+06,2369,0,0
20210623,cu2202,21:40:05,500,70000,14,70090,1,70220,1,348993,4.89E+06,2369,0,0
20210623,cu2202,21:40:09,500,70000,14,70090,1,70240,1,348993,4.89E+06,2369,0,0
20210623,cu2202,21:40:11,500,70000,14,70090,2,70240,2,348993,4.89E+06,2369,0,0
20210623,cu2202,21:40:14,500,70000,14,70090,2,70260,2,348993,4.89E+06,2369,0,0
20210623,cu2202,21:40:19,0,70000,14,70090,5,70250,5,348993,4.89E+06,2369,0,0
20210623,cu2202,21:40:23,0,70000,14,70090,5,70240,5,348993,4.89E+06,2369,0,0
20210623,cu2202,21:40:35,500,70000,14,70120,1,70280,1,348993,4.89E+06,2369,0,0
20210623,cu2202,21:40:39,500,70000,14,70140,1,70260,1,348993,4.89E+06,2369,0,0
20210623,cu2202,21:40:43,0,70000,14,70090,3,70260,3,348993,4.89E+06,2369,0,0
20210623,cu2202,21:40:45,500,70000,14,70120,1,70240,1,348993,4.89E+06,2369,0,0
20210623,cu2202,21:40:48,500,70000,14,70120,1,70230,1,348993,4.89E+06,2369,0,0
20210623,cu2202,21:40:53,500,70000,14,70120,1,70220,1,348993,4.89E+06,2369,0,0
20210623,cu2202,21:40:57,0,70000,14,70060,2,70210,2,348993,4.89E+06,2369,0,0
20210623,cu2202,21:41:08,500,70000,14,70070,1,70210,1,348993,4.89E+06,2369,0,0
20210623,cu2202,21:41:16,0,70000,14,70090,2,70260,2,348993,4.89E+06,2369,0,0
20210623,cu2202,21:41:18,0,70000,14,70090,2,70230,2,348993,4.89E+06,2369,0,0
20210623,cu2202,21:41:34,500,70000,14,70120,1,70230,1,348993,4.89E+06,2369,0,0
20210623,cu2202,21:41:36,500,70000,14,70130,3,70240,3,348993,4.89E+06,2369,0,0
20210623,cu2202,21:41:40,500,70000,14,70130,3,70260,3,348993,4.89E+06,2369,0,0
20210623,cu2202,21:41:43,500,70000,14,70130,1,70250,1,348993,4.89E+06,2369,0,0
20210623,cu2202,21:41:45,500,70000,14,70140,1,70240,1,348993,4.89E+06,2369,0,0
20210623,cu2202,21:41:48,500,70000,14,70080,2,70230,2,348993,4.89E+06,2369,0,0
20210623,cu2202,21:41:54,500,70000,14,70090,2,70250,2,348993,4.89E+06,2369,0,0
20210623,cu2202,21:41:58,500,70000,14,70090,2,70230,2,348993,4.89E+06,2369,0,0
20210623,cu2202,21:42:01,0,70000,14,70090,1,70220,1,348993,4.89E+06,2369,0,0
20210623,cu2202,21:42:04,500,70000,14,70090,1,70200,1,348993,4.89E+06,2369,0,0
20210623,cu2202,21:42:15,0,70000,14,70000,1,70210,1,348993,4.89E+06,2369,0,0
20210623,cu2202,21:42:17,0,70000,14,70040,1,70210,1,348993,4.89E+06,2369,0,0
20210623,cu2202,21:42:20,500,70000,14,70060,1,70190,1,348993,4.89E+06,2369,0,0
20210623,cu2202,21:42:37,0,70190,15,70060,1,70190,1,349123,5.24E+06,2370,0,0
20210623,cu2202,21:42:41,500,70190,15,70060,1,70190,1,349123,5.24E+06,2370,0,0
20210623,cu2202,21:42:46,0,70190,15,70060,1,70170,1,349123,5.24E+06,2370,0,0
20210623,cu2202,21:42:49,500,70190,15,70010,1,70160,1,349123,5.24E+06,2370,0,0
20210623,cu2202,21:42:57,0,70190,15,70010,3,70160,3,349123,5.24E+06,2370,0,0
20210623,cu2202,21:43:04,500,70190,15,70030,1,70160,1,349123,5.24E+06,2370,0,0
20210623,cu2202,21:43:07,500,70190,15,70060,2,70190,2,349123,5.24E+06,2370,0,0
20210623,cu2202,21:43:11,0,70190,15,70060,2,70250,2,349123,5.24E+06,2370,0,0
20210623,cu2202,21:43:15,0,70190,15,70060,2,70250,2,349123,5.24E+06,2370,0,0
20210623,cu2202,21:43:17,0,70190,15,70060,2,70250,2,349123,5.24E+06,2370,0,0
20210623,cu2202,21:43:19,500,70190,15,70060,2,70250,2,349123,5.24E+06,2370,0,0
20210623,cu2202,21:43:24,500,70190,15,70060,2,70240,2,349123,5.24E+06,2370,0,0
20210623,cu2202,21:43:29,0,70190,15,70080,1,70240,1,349123,5.24E+06,2370,0,0
20210623,cu2202,21:43:33,500,70190,15,70080,1,70250,1,349123,5.24E+06,2370,0,0
20210623,cu2202,21:43:38,500,70190,15,70080,1,70250,1,349123,5.24E+06,2370,0,0
20210623,cu2202,21:43:42,500,70190,15,70080,1,70230,1,349123,5.24E+06,2370,0,0
20210623,cu2202,21:43:49,0,70190,15,70100,2,70230,2,349123,5.24E+06,2370,0,0
20210623,cu2202,21:44:03,0,70190,15,70130,1,70260,1,349123,5.24E+06,2370,0,0
20210623,cu2202,21:44:13,0,70190,15,70120,2,70260,2,349123,5.24E+06,2370,0,0
20210623,cu2202,21:44:15,0,70190,15,70120,1,70250,1,349123,5.24E+06,2370,0,0
20210623,cu2202,21:44:20,0,70190,15,70130,2,70260,2,349123,5.24E+06,2370,0,0
20210623,cu2202,21:44:32,0,70190,15,70150,2,70260,2,349123,5.24E+06,2370,0,0
20210623,cu2202,21:44:37,500,70190,15,70160,1,70290,1,349123,5.24E+06,2370,0,0
20210623,cu2202,21:44:40,500,70190,15,70160,1,70300,1,349123,5.24E+06,2370,0,0
20210623,cu2202,21:44:44,500,70190,15,70180,1,70300,1,349123,5.24E+06,2370,0,0
20210623,cu2202,21:44:54,0,70190,15,70180,1,70290,1,349123,5.24E+06,2370,0,0
20210623,cu2202,21:45:13,0,70190,15,70180,1,70300,1,349123,5.24E+06,2370,0,0
20210623,cu2202,21:45:22,0,70190,15,70200,1,70290,1,349123,5.24E+06,2370,0,0
20210623,cu2202,21:45:30,0,70190,15,70200,1,70290,1,349123,5.24E+06,2370,0,0
20210623,cu2202,21:45:47,0,70190,15,70140,1,70290,1,349123,5.24E+06,2370,0,0
20210623,cu2202,21:46:00,0,70190,15,70150,5,70280,5,349123,5.24E+06,2370,0,0
20210623,cu2202,21:46:08,500,70190,15,70190,1,70290,1,349123,5.24E+06,2370,0,0
20210623,cu2202,21:46:25,0,70190,15,70190,1,70290,1,349123,5.24E+06,2370,0,0
20210623,cu2202,21:46:31,500,70190,15,70170,1,70290,1,349123,5.24E+06,2370,0,0
20210623,cu2202,21:46:58,500,70190,15,70180,1,70310,1,349123,5.24E+06,2370,0,0
20210623,cu2202,21:47:02,500,70190,15,70190,3,70310,3,349123,5.24E+06,2370,0,0
20210623,cu2202,21:47:06,0,70190,15,70200,1,70320,1,349123,5.24E+06,2370,0,0
20210623,cu2202,21:47:08,500,70190,15,70210,1,70330,1,349123,5.24E+06,2370,0,0
20210623,cu2202,21:47:17,500,70190,15,70220,2,70330,2,349123,5.24E+06,2370,0,0
20210623,cu2202,21:47:19,500,70190,15,70230,1,70330,1,349123,5.24E+06,2370,0,0
20210623,cu2202,21:47:21,500,70190,15,70200,1,70320,1,349123,5.24E+06,2370,0,0
20210623,cu2202,21:47:29,500,70190,15,70200,1,70300,1,349123,5.24E+06,2370,0,0
20210623,cu2202,21:47:41,0,70190,15,70200,1,70350,1,349123,5.24E+06,2370,0,0
20210623,cu2202,21:47:46,0,70200,16,70190,2,70260,2,349241,5.59E+06,2370,0,0
20210623,cu2202,21:47:49,0,70200,16,70230,2,70340,2,349241,5.59E+06,2370,0,0
20210623,cu2202,21:47:52,500,70200,16,70220,2,70280,2,349241,5.59E+06,2370,0,0
20210623,cu2202,21:47:55,500,70200,16,70230,1,70280,1,349241,5.59E+06,2370,0,0
20210623,cu2202,21:48:00,0,70200,16,70220,2,70280,2,349241,5.59E+06,2370,0,0
20210623,cu2202,21:48:12,0,70200,16,70220,2,70280,2,349241,5.59E+06,2370,0,0
20210623,cu2202,21:48:22,500,70200,16,70160,1,70280,1,349241,5.59E+06,2370,0,0
20210623,cu2202,21:48:28,0,70200,16,70160,1,70340,1,349241,5.59E+06,2370,0,0
20210623,cu2202,21:48:31,500,70200,16,70160,2,70340,2,349241,5.59E+06,2370,0,0
20210623,cu2202,21:48:34,500,70200,16,70160,3,70250,3,349241,5.59E+06,2370,0,0
20210623,cu2202,21:48:41,0,70200,16,70110,3,70250,3,349241,5.59E+06,2370,0,0
20210623,cu2202,21:48:44,500,70200,16,70160,2,70250,2,349241,5.59E+06,2370,0,0
20210623,cu2202,21:48:47,500,70200,16,70160,2,70330,2,349241,5.59E+06,2370,0,0
20210623,cu2202,21:48:50,500,70200,16,70160,2,70340,2,349241,5.59E+06,2370,0,0
20210623,cu2202,21:49:00,500,70200,16,70160,2,70340,2,349241,5.59E+06,2370,0,0
20210623,cu2202,21:49:05,500,70200,16,70160,2,70330,2,349241,5.59E+06,2370,0,0
20210623,cu2202,21:49:09,0,70200,16,70160,2,70340,2,349241,5.59E+06,2370,0,0
20210623,cu2202,21:49:13,500,70200,16,70190,1,70320,1,349241,5.59E+06,2370,0,0
20210623,cu2202,21:49:16,500,70200,16,70190,1,70330,1,349241,5.59E+06,2370,0,0
20210623,cu2202,21:49:21,500,70200,16,70190,1,70330,1,349241,5.59E+06,2370,0,0
20210623,cu2202,21:49:27,500,70200,16,70190,1,70250,1,349241,5.59E+06,2370,0,0
20210623,cu2202,21:49:33,0,70190,17,70160,2,70250,2,349341,5.94E+06,2370,0,0
20210623,cu2202,21:50:14,0,70190,17,70180,1,70250,1,349341,5.94E+06,2370,0,0
20210623,cu2202,21:50:22,0,70210,18,70200,1,70250,1,349436,6.29E+06,2370,0,0
20210623,cu2202,21:50:30,500,70210,18,70130,1,70330,1,349436,6.29E+06,2370,0,0
20210623,cu2202,21:50:45,500,70210,18,70170,2,70320,2,349436,6.29E+06,2370,0,0
20210623,cu2202,21:50:56,500,70170,20,70160,3,70330,3,349578,6.99E+06,2370,0,0
20210623,cu2202,21:51:00,500,70170,20,70160,2,70310,2,349578,6.99E+06,2370,0,0
20210623,cu2202,21:51:02,500,70170,20,70160,2,70300,2,349578,6.99E+06,2370,0,0
20210623,cu2202,21:51:06,500,70170,20,70160,2,70290,2,349578,6.99E+06,2370,0,0
20210623,cu2202,21:51:10,500,70170,20,70160,2,70300,2,349578,6.99E+06,2370,0,0
20210623,cu2202,21:51:40,500,70170,20,70160,5,70310,5,349578,6.99E+06,2370,0,0
20210623,cu2202,21:51:47,500,70170,20,70160,3,70300,3,349578,6.99E+06,2370,0,0
20210623,cu2202,21:51:56,0,70170,20,70160,2,70300,2,349578,6.99E+06,2370,0,0
20210623,cu2202,21:52:03,500,70170,20,70170,2,70280,2,349578,6.99E+06,2370,0,0
20210623,cu2202,21:52:15,0,70170,20,70170,4,70280,4,349578,6.99E+06,2370,0,0
20210623,cu2202,21:52:53,0,70170,20,70170,4,70280,4,349578,6.99E+06,2370,0,0
20210623,cu2202,21:53:03,0,70170,20,70160,2,70270,2,349578,6.99E+06,2370,0,0
20210623,cu2202,21:53:10,500,70170,21,70170,4,70260,4,349638,7.34E+06,2370,0,0
20210623,cu2202,21:53:20,500,70170,21,70130,2,70260,2,349638,7.34E+06,2370,0,0
20210623,cu2202,21:53:23,500,70170,21,70140,2,70260,2,349638,7.34E+06,2370,0,0
20210623,cu2202,21:53:33,500,70170,21,70140,1,70250,1,349638,7.34E+06,2370,0,0
20210623,cu2202,21:53:39,0,70170,21,70090,6,70250,6,349638,7.34E+06,2370,0,0
20210623,cu2202,21:53:50,0,70170,21,70140,2,70250,2,349638,7.34E+06,2370,0,0
20210623,cu2202,21:53:53,500,70170,21,70140,2,70250,2,349638,7.34E+06,2370,0,0
20210623,cu2202,21:54:04,0,70170,21,70130,5,70260,5,349638,7.34E+06,2370,0,0
20210623,cu2202,21:54:12,0,70170,21,70110,2,70250,2,349638,7.34E+06,2370,0,0
20210623,cu2202,21:54:19,0,70170,21,70030,1,70250,1,349638,7.34E+06,2370,0,0
20210623,cu2202,21:54:22,0,70170,21,70070,2,70250,2,349638,7.34E+06,2370,0,0
20210623,cu2202,21:54:24,0,70170,21,70090,1,70240,1,349638,7.34E+06,2370,0,0
20210623,cu2202,21:54:28,0,70170,21,70100,1,70240,1,349638,7.34E+06,2370,0,0
20210623,cu2202,21:54:30,0,70170,21,70100,2,70240,2,349638,7.34E+06,2370,0,0
20210623,cu2202,21:54:32,0,70170,21,70100,1,70240,1,349638,7.34E+06,2370,0,0
20210623,cu2202,21:54:37,0,70170,21,70100,1,70200,1,349638,7.34E+06,2370,0,0
20210623,cu2202,21:54:45,500,70190,22,70110,1,70200,1,349698,7.69E+06,2370,0,0
20210623,cu2202,21:54:50,500,70200,23,70100,1,70240,1,349754,8.04E+06,2370,0,0
20210623,cu2202,21:54:54,500,70200,23,70090,1,70220,1,349754,8.04E+06,2370,0,0
20210623,cu2202,21:55:06,0,70200,23,70090,1,70200,1,349754,8.04E+06,2370,0,0
20210623,cu2202,21:55:11,0,70200,23,70090,2,70200,2,349754,8.04E+06,2370,0,0
20210623,cu2202,21:55:32,0,70200,23,70120,1,70200,1,349754,8.04E+06,2370,0,0
20210623,cu2202,21:55:40,500,70200,23,70140,1,70200,1,349754,8.04E+06,2370,0,0
20210623,cu2202,21:55:44,500,70200,23,70130,1,70240,1,349754,8.04E+06,2370,0,0
20210623,cu2202,21:55:48,500,70200,23,70100,1,70240,1,349754,8.04E+06,2370,0,0
20210623,cu2202,21:55:55,500,70200,23,70120,1,70220,1,349754,8.04E+06,2370,0,0
20210623,cu2202,21:56:13,500,70200,23,70100,1,70210,1,349754,8.04E+06,2370,0,0
20210623,cu2202,21:56:18,0,70200,23,70110,1,70200,1,349754,8.04E+06,2370,0,0
20210623,cu2202,21:56:22,0,70200,23,70120,1,70200,1,349754,8.04E+06,2370,0,0
20210623,cu2202,21:56:26,0,70200,23,70120,1,70230,1,349754,8.04E+06,2370,0,0
20210623,cu2202,21:56:45,500,70200,23,70110,1,70200,1,349754,8.04E+06,2370,0,0
20210623,cu2202,21:57:01,500,70200,23,70090,3,70200,3,349754,8.04E+06,2370,0,0
20210623,cu2202,21:57:11,0,70200,23,70110,2,70200,2,349754,8.04E+06,2370,0,0
20210623,cu2202,21:57:26,500,70110,25,70100,2,70200,2,349818,8.75E+06,2370,0,0
20210623,cu2202,21:57:39,0,70110,25,70070,1,70180,1,349818,8.75E+06,2370,0,0
20210623,cu2202,21:57:49,0,70110,25,70070,1,70180,1,349818,8.75E+06,2370,0,0
20210623,cu2202,21:57:55,500,70110,25,70070,1,70160,1,349818,8.75E+06,2370,0,0
20210623,cu2202,21:58:09,0,70110,25,70050,1,70180,1,349818,8.75E+06,2370,0,0
20210623,cu2202,21:58:11,0,70110,25,70060,2,70170,2,349818,8.75E+06,2370,0,0
20210623,cu2202,21:58:34,0,70110,25,70080,1,70170,1,349818,8.75E+06,2370,0,0
20210623,cu2202,21:58:43,0,70110,25,70090,2,70190,2,349818,8.75E+06,2370,0,0
20210623,cu2202,21:59:18,500,70110,25,70080,1,70190,1,349818,8.75E+06,2370,0,0
20210623,cu2202,21:59:29,0,70110,25,70080,2,70190,2,349818,8.75E+06,2370,0,0
20210623,cu2202,21:59:38,500,70110,25,70080,2,70190,2,349818,8.75E+06,2370,0,0
20210623,cu2202,21:59:50,500,70110,25,70080,2,70190,2,349818,8.75E+06,2370,0,0
20210623,cu2202,21:59:53,500,70110,25,70090,1,70170,1,349818,8.75E+06,2370,0,0
20210623,cu2202,22:00:01,0,70110,25,70090,1,70200,1,349818,8.75E+06,2370,0,0
20210623,cu2202,22:00:11,0,70110,25,70080,2,70190,2,349818,8.75E+06,2370,0,0
20210623,cu2202,22:00:18,0,70110,25,70100,4,70190,4,349818,8.75E+06,2370,0,0
20210623,cu2202,22:00:23,500,70110,25,70090,1,70180,1,349818,8.75E+06,2370,0,0
20210623,cu2202,22:00:30,0,70110,25,70100,2,70190,2,349818,8.75E+06,2370,0,0
20210623,cu2202,22:00:42,0,70110,25,70100,2,70190,2,349818,8.75E+06,2370,0,0
20210623,cu2202,22:00:52,0,70110,25,70110,1,70200,1,349818,8.75E+06,2370,0,0
20210623,cu2202,22:00:58,0,70110,25,70090,5,70190,5,349818,8.75E+06,2370,0,0
20210623,cu2202,22:01:09,500,70110,25,70080,1,70190,1,349818,8.75E+06,2370,0,0
20210623,cu2202,22:01:20,500,70110,25,70080,1,70160,1,349818,8.75E+06,2370,0,0
20210623,cu2202,22:01:34,0,70110,25,70010,1,70150,1,349818,8.75E+06,2370,0,0
20210623,cu2202,22:01:36,0,70110,25,70050,1,70130,1,349818,8.75E+06,2370,0,0
20210623,cu2202,22:01:40,0,70110,25,70020,1,70100,1,349818,8.75E+06,2370,0,0
20210623,cu2202,22:01:46,500,70110,25,70020,1,70120,1,349818,8.75E+06,2370,0,0
20210623,cu2202,22:01:50,500,70110,25,70020,2,70100,2,349818,8.75E+06,2370,0,0
20210623,cu2202,22:01:54,500,70110,25,70000,1,70100,1,349818,8.75E+06,2370,0,0
20210623,cu2202,22:01:56,500,70110,25,70000,2,70100,2,349818,8.75E+06,2370,0,0
20210623,cu2202,22:02:04,0,70110,25,70010,5,70100,5,349818,8.75E+06,2370,0,0
20210623,cu2202,22:02:07,0,70110,25,70000,2,70100,2,349818,8.75E+06,2370,0,0
20210623,cu2202,22:02:19,500,70110,25,70000,2,70070,2,349818,8.75E+06,2370,0,0
20210623,cu2202,22:02:31,0,70110,25,70000,1,70070,1,349818,8.75E+06,2370,0,0
20210623,cu2202,22:02:33,500,70110,25,70000,1,70060,1,349818,8.75E+06,2370,0,0
20210623,cu2202,22:02:49,0,70110,25,70000,1,70090,1,349818,8.75E+06,2370,0,0
20210623,cu2202,22:02:51,500,70110,25,70000,1,70070,1,349818,8.75E+06,2370,0,0
20210623,cu2202,22:03:12,500,70110,25,70000,1,70100,1,349818,8.75E+06,2370,0,0
20210623,cu2202,22:03:16,0,70110,25,70010,1,70160,1,349818,8.75E+06,2370,0,0
20210623,cu2202,22:03:18,0,70110,25,70010,1,70130,1,349818,8.75E+06,2370,0,0
20210623,cu2202,22:03:24,0,70110,25,70030,1,70130,1,349818,8.75E+06,2370,0,0
20210623,cu2202,22:03:37,500,70110,25,70000,1,70130,1,349818,8.75E+06,2370,0,0
20210623,cu2202,22:03:42,0,70110,25,70010,2,70110,2,349818,8.75E+06,2370,0,0
20210623,cu2202,22:03:45,500,70110,25,70020,1,70130,1,349818,8.75E+06,2370,0,0
20210623,cu2202,22:03:58,0,70110,25,70020,2,70130,2,349818,8.75E+06,2370,0,0
20210623,cu2202,22:04:21,500,70110,25,70050,2,70240,2,349818,8.75E+06,2370,0,0
20210623,cu2202,22:04:24,500,70110,25,70050,2,70150,2,349818,8.75E+06,2370,0,0
20210623,cu2202,22:04:34,0,70110,25,70050,2,70140,2,349818,8.75E+06,2370,0,0
20210623,cu2202,22:04:41,0,70110,25,70050,2,70150,2,349818,8.75E+06,2370,0,0
20210623,cu2202,22:05:01,0,70110,25,70050,2,70150,2,349818,8.75E+06,2370,0,0
20210623,cu2202,22:05:37,0,70110,25,70040,1,70150,1,349818,8.75E+06,2370,0,0
20210623,cu2202,22:05:39,500,70110,25,70040,1,70150,1,349818,8.75E+06,2370,0,0
20210623,cu2202,22:05:46,0,70110,25,70000,1,70120,1,349818,8.75E+06,2370,0,0
20210623,cu2202,22:05:48,0,70110,25,70010,2,70110,2,349818,8.75E+06,2370,0,0
20210623,cu2202,22:05:54,500,70110,25,70010,2,70100,2,349818,8.75E+06,2370,0,0
20210623,cu2202,22:06:07,500,70110,25,70010,2,70130,2,349818,8.75E+06,2370,0,0
20210623,cu2202,22:06:09,500,70110,25,70030,1,70130,1,349818,8.75E+06,2370,0,0
20210623,cu2202,22:06:21,0,70110,25,70040,1,70130,1,349818,8.75E+06,2370,0,0
20210623,cu2202,22:07:02,0,70110,25,70010,1,70110,1,349818,8.75E+06,2370,0,0
20210623,cu2202,22:07:15,0,70110,25,70010,1,70100,1,349818,8.75E+06,2370,0,0
20210623,cu2202,22:07:22,0,70110,25,70010,2,70130,2,349818,8.75E+06,2370,0,0
20210623,cu2202,22:07:24,500,70110,25,70010,2,70120,2,349818,8.75E+06,2370,0,0
20210623,cu2202,22:07:26,500,70110,25,70030,1,70120,1,349818,8.75E+06,2370,0,0
20210623,cu2202,22:07:54,500,70110,25,70020,1,70120,1,349818,8.75E+06,2370,0,0
20210623,cu2202,22:08:06,500,70110,25,70020,1,70120,1,349818,8.75E+06,2370,0,0
20210623,cu2202,22:08:23,0,70110,25,70020,1,70120,1,349818,8.75E+06,2370,0,0
20210623,cu2202,22:08:39,0,70110,25,70020,1,70110,1,349818,8.75E+06,2370,0,0
20210623,cu2202,22:08:48,0,70110,25,70020,1,70100,1,349818,8.75E+06,2370,0,0
20210623,cu2202,22:08:50,0,70110,25,70030,1,70110,1,349818,8.75E+06,2370,0,0
20210623,cu2202,22:09:12,500,70110,25,70030,1,70110,1,349818,8.75E+06,2370,0,0
20210623,cu2202,22:09:30,500,70110,25,70030,1,70110,1,349818,8.75E+06,2370,0,0
20210623,cu2202,22:09:46,0,70110,25,70030,1,70110,1,349818,8.75E+06,2370,0,0
20210623,cu2202,22:10:05,500,70110,25,70000,1,70110,1,349818,8.75E+06,2370,0,0
20210623,cu2202,22:10:08,0,70110,25,70000,1,70070,1,349818,8.75E+06,2370,0,0
20210623,cu2202,22:10:16,500,70110,25,70010,1,70100,1,349818,8.75E+06,2370,0,0
20210623,cu2202,22:10:19,500,70110,25,70010,1,70120,1,349818,8.75E+06,2370,0,0
20210623,cu2202,22:10:34,500,70110,25,70010,2,70120,2,349818,8.75E+06,2370,0,0
20210623,cu2202,22:10:43,0,70110,25,70000,1,70090,1,349818,8.75E+06,2370,0,0
20210623,cu2202,22:10:59,0,70110,25,70000,1,70090,1,349818,8.75E+06,2370,0,0
20210623,cu2202,22:11:06,500,70110,25,70000,1,70070,1,349818,8.75E+06,2370,0,0
20210623,cu2202,22:11:16,500,70110,25,70000,1,70050,1,349818,8.75E+06,2370,0,0
20210623,cu2202,22:11:20,0,70110,25,70000,1,70050,1,349818,8.75E+06,2370,0,0
20210623,cu2202,22:11:31,0,70110,25,70000,1,70060,1,349818,8.75E+06,2370,0,0
20210623,cu2202,22:11:45,500,70110,25,70000,1,70070,1,349818,8.75E+06,2370,0,0
20210623,cu2202,22:11:57,0,70110,25,70000,1,70090,1,349818,8.75E+06,2370,0,0
20210623,cu2202,22:12:01,500,70000,26,69980,1,70090,1,349825,9.10E+06,2371,0,0
20210623,cu2202,22:12:07,500,70000,26,69980,1,70160,1,349825,9.10E+06,2371,0,0
20210623,cu2202,22:12:11,500,70000,26,69980,1,70100,1,349825,9.10E+06,2371,0,0
20210623,cu2202,22:12:21,500,70000,26,69990,2,70100,2,349825,9.10E+06,2371,0,0
20210623,cu2202,22:12:34,0,70000,26,70000,2,70090,2,349825,9.10E+06,2371,0,0
20210623,cu2202,22:12:46,0,70000,26,70000,2,70130,2,349825,9.10E+06,2371,0,0
20210623,cu2202,22:12:51,0,70000,26,70000,2,70140,2,349825,9.10E+06,2371,0,0
20210623,cu2202,22:13:03,500,70000,26,70000,2,70130,2,349825,9.10E+06,2371,0,0
20210623,cu2202,22:13:09,0,70000,26,70040,1,70130,1,349825,9.10E+06,2371,0,0
20210623,cu2202,22:13:26,0,70000,26,70060,1,70160,1,349825,9.10E+06,2371,0,0
20210623,cu2202,22:13:57,0,70000,26,70060,1,70190,1,349825,9.10E+06,2371,0,0
20210623,cu2202,22:14:01,500,70000,26,70060,1,70170,1,349825,9.10E+06,2371,0,0
20210623,cu2202,22:14:07,500,70000,26,70060,2,70170,2,349825,9.10E+06,2371,0,0
20210623,cu2202,22:14:32,500,70000,26,70060,2,70180,2,349825,9.10E+06,2371,0,0
20210623,cu2202,22:14:35,500,70000,26,70090,1,70250,1,349825,9.10E+06,2371,0,0
20210623,cu2202,22:14:37,500,70000,26,70090,1,70200,1,349825,9.10E+06,2371,0,0
20210623,cu2202,22:14:40,0,70000,26,70090,1,70200,1,349825,9.10E+06,2371,0,0
20210623,cu2202,22:14:51,500,70000,26,70090,1,70200,1,349825,9.10E+06,2371,0,0
20210623,cu2202,22:15:12,500,70000,26,70090,1,70190,1,349825,9.10E+06,2371,0,0
20210623,cu2202,22:15:21,500,70000,26,70090,1,70170,1,349825,9.10E+06,2371,0,0
20210623,cu2202,22:15:25,500,70000,26,70070,1,70160,1,349825,9.10E+06,2371,0,0
20210623,cu2202,22:15:35,500,70000,26,70070,1,70170,1,349825,9.10E+06,2371,0,0
20210623,cu2202,22:15:38,500,70070,27,70080,1,70160,1,349844,9.45E+06,2372,0,0
20210623,cu2202,22:15:49,0,70070,27,70080,1,70190,1,349844,9.45E+06,2372,0,0
20210623,cu2202,22:16:02,0,70070,27,70080,1,70190,1,349844,9.45E+06,2372,0,0
20210623,cu2202,22:16:14,0,70070,27,70070,1,70160,1,349844,9.45E+06,2372,0,0
20210623,cu2202,22:16:21,500,70070,27,70070,1,70160,1,349844,9.45E+06,2372,0,0
20210623,cu2202,22:16:26,0,70070,27,70070,1,70160,1,349844,9.45E+06,2372,0,0
20210623,cu2202,22:16:39,0,70070,27,70030,1,70140,1,349844,9.45E+06,2372,0,0
20210623,cu2202,22:16:43,500,70070,27,70030,1,70120,1,349844,9.45E+06,2372,0,0
20210623,cu2202,22:16:54,0,70070,27,70040,1,70120,1,349844,9.45E+06,2372,0,0
20210623,cu2202,22:17:04,500,70070,27,70040,1,70240,1,349844,9.45E+06,2372,0,0
20210623,cu2202,22:17:06,500,70070,27,70040,1,70140,1,349844,9.45E+06,2372,0,0
20210623,cu2202,22:17:16,500,70070,28,70040,1,70140,1,349862,9.80E+06,2373,0,0
20210623,cu2202,22:17:30,0,70070,28,70060,1,70140,1,349862,9.80E+06,2373,0,0
20210623,cu2202,22:17:34,500,70070,28,70070,1,70160,1,349862,9.80E+06,2373,0,0
20210623,cu2202,22:17:39,500,70070,28,70090,1,70180,1,349862,9.80E+06,2373,0,0
20210623,cu2202,22:17:50,0,70070,28,70110,1,70210,1,349862,9.80E+06,2373,0,0
20210623,cu2202,22:17:58,0,70070,28,70120,1,70250,1,349862,9.80E+06,2373,0,0
20210623,cu2202,22:18:17,500,70070,28,70120,1,70220,1,349862,9.80E+06,2373,0,0
20210623,cu2202,22:18:23,0,70070,28,70140,1,70250,1,349862,9.80E+06,2373,0,0
20210623,cu2202,22:18:25,0,70070,28,70140,1,70240,1,349862,9.80E+06,2373,0,0
20210623,cu2202,22:18:29,500,70070,28,70150,1,70240,1,349862,9.80E+06,2373,0,0
20210623,cu2202,22:18:34,0,70070,28,70150,2,70250,2,349862,9.80E+06,2373,0,0
20210623,cu2202,22:18:49,500,70070,28,70150,1,70280,1,349862,9.80E+06,2373,0,0
20210623,cu2202,22:18:58,500,70070,28,70180,1,70260,1,349862,9.80E+06,2373,0,0
20210623,cu2202,22:19:04,0,70070,28,70180,1,70270,1,349862,9.80E+06,2373,0,0
20210623,cu2202,22:19:08,500,70070,28,70190,1,70290,1,349862,9.80E+06,2373,0,0
20210623,cu2202,22:19:11,0,70070,28,70200,1,70290,1,349862,9.80E+06,2373,0,0
20210623,cu2202,22:19:14,500,70070,28,70190,1,70270,1,349862,9.80E+06,2373,0,0
20210623,cu2202,22:19:17,0,70070,28,70190,1,70270,1,349862,9.80E+06,2373,0,0
20210623,cu2202,22:19:19,500,70070,28,70190,1,70290,1,349862,9.80E+06,2373,0,0
20210623,cu2202,22:19:26,500,70070,28,70190,2,70300,2,349862,9.80E+06,2373,0,0
20210623,cu2202,22:19:29,0,70070,28,70190,2,70300,2,349862,9.80E+06,2373,0,0
20210623,cu2202,22:19:51,500,70070,28,70190,2,70320,2,349862,9.80E+06,2373,0,0
20210623,cu2202,22:19:59,0,70070,28,70190,2,70320,2,349862,9.80E+06,2373,0,0
20210623,cu2202,22:20:10,0,70070,28,70190,2,70320,2,349862,9.80E+06,2373,0,0
20210623,cu2202,22:20:34,0,70070,28,70190,2,70310,2,349862,9.80E+06,2373,0,0
20210623,cu2202,22:20:37,500,70070,28,70220,1,70310,1,349862,9.80E+06,2373,0,0
20210623,cu2202,22:20:43,0,70070,28,70230,1,70330,1,349862,9.80E+06,2373,0,0
20210623,cu2202,22:20:49,500,70070,28,70230,1,70340,1,349862,9.80E+06,2373,0,0
20210623,cu2202,22:20:53,500,70070,28,70230,1,70320,1,349862,9.80E+06,2373,0,0
20210623,cu2202,22:21:00,0,70070,28,70230,1,70300,1,349862,9.80E+06,2373,0,0
20210623,cu2202,22:21:23,500,70070,28,70230,1,70300,1,349862,9.80E+06,2373,0,0
20210623,cu2202,22:21:48,500,70070,28,70230,1,70300,1,349862,9.80E+06,2373,0,0
20210623,cu2202,22:22:06,500,70070,28,70230,1,70300,1,349862,9.80E+06,2373,0,0
20210623,cu2202,22:22:13,0,70070,28,70200,1,70310,1,349862,9.80E+06,2373,0,0
20210623,cu2202,22:22:21,0,70070,28,70210,1,70300,1,349862,9.80E+06,2373,0,0
20210623,cu2202,22:22:41,0,70070,28,70210,1,70320,1,349862,9.80E+06,2373,0,0
20210623,cu2202,22:22:59,0,70070,28,70230,1,70310,1,349862,9.80E+06,2373,0,0
20210623,cu2202,22:23:13,500,70070,28,70230,2,70310,2,349862,9.80E+06,2373,0,0
20210623,cu2202,22:23:27,0,70070,28,70230,2,70330,2,349862,9.80E+06,2373,0,0
20210623,cu2202,22:23:43,0,70070,28,70230,2,70320,2,349862,9.80E+06,2373,0,0
20210623,cu2202,22:24:02,0,70070,28,70230,1,70330,1,349862,9.80E+06,2373,0,0
20210623,cu2202,22:24:06,500,70070,28,70210,1,70310,1,349862,9.80E+06,2373,0,0
20210623,cu2202,22:24:17,0,70070,28,70200,1,70310,1,349862,9.80E+06,2373,0,0
20210623,cu2202,22:24:20,500,70070,28,70200,1,70310,1,349862,9.80E+06,2373,0,0
20210623,cu2202,22:24:48,500,70070,28,70210,1,70310,1,349862,9.80E+06,2373,0,0
20210623,cu2202,22:25:08,0,70070,28,70200,1,70310,1,349862,9.80E+06,2373,0,0
20210623,cu2202,22:25:15,0,70070,28,70200,1,70310,1,349862,9.80E+06,2373,0,0
20210623,cu2202,22:25:24,500,70070,28,70210,1,70310,1,349862,9.80E+06,2373,0,0
20210623,cu2202,22:25:26,500,70070,28,70250,1,70300,1,349862,9.80E+06,2373,0,0
20210623,cu2202,22:25:29,0,70070,28,70250,1,70300,1,349862,9.80E+06,2373,0,0
20210623,cu2202,22:25:31,0,70070,28,70260,1,70360,1,349862,9.80E+06,2373,0,0
20210623,cu2202,22:25:33,0,70070,28,70250,1,70310,1,349862,9.80E+06,2373,0,0
20210623,cu2202,22:25:40,0,70070,28,70250,1,70340,1,349862,9.80E+06,2373,0,0
20210623,cu2202,22:25:44,0,70070,28,70260,1,70310,1,349862,9.80E+06,2373,0,0
20210623,cu2202,22:25:46,0,70070,28,70250,1,70360,1,349862,9.80E+06,2373,0,0
20210623,cu2202,22:25:48,0,70070,28,70260,1,70310,1,349862,9.80E+06,2373,0,0
20210623,cu2202,22:25:51,500,70070,28,70250,1,70350,1,349862,9.80E+06,2373,0,0
20210623,cu2202,22:25:58,500,70070,28,70250,1,70330,1,349862,9.80E+06,2373,0,0
20210623,cu2202,22:26:02,0,70070,28,70250,1,70340,1,349862,9.80E+06,2373,0,0
20210623,cu2202,22:26:13,0,70070,28,70250,1,70320,1,349862,9.80E+06,2373,0,0
20210623,cu2202,22:26:15,500,70070,28,70230,1,70320,1,349862,9.80E+06,2373,0,0
20210623,cu2202,22:26:24,0,70070,28,70220,1,70320,1,349862,9.80E+06,2373,0,0
20210623,cu2202,22:26:33,0,70070,28,70230,1,70360,1,349862,9.80E+06,2373,0,0
20210623,cu2202,22:26:37,0,70070,28,70230,1,70330,1,349862,9.80E+06,2373,0,0
20210623,cu2202,22:26:50,0,70070,28,70220,1,70320,1,349862,9.80E+06,2373,0,0
20210623,cu2202,22:26:58,0,70070,28,70220,1,70320,1,349862,9.80E+06,2373,0,0
20210623,cu2202,22:27:04,0,70070,28,70230,1,70320,1,349862,9.80E+06,2373,0,0
20210623,cu2202,22:27:14,500,70070,28,70220,1,70320,1,349862,9.80E+06,2373,0,0
20210623,cu2202,22:27:32,0,70070,28,70230,1,70320,1,349862,9.80E+06,2373,0,0
20210623,cu2202,22:27:48,0,70070,28,70250,1,70360,1,349862,9.80E+06,2373,0,0
20210623,cu2202,22:28:05,500,70070,28,70220,1,70330,1,349862,9.80E+06,2373,0,0
20210623,cu2202,22:28:08,0,70070,28,70220,1,70330,1,349862,9.80E+06,2373,0,0
20210623,cu2202,22:28:11,500,70070,28,70220,1,70330,1,349862,9.80E+06,2373,0,0
20210623,cu2202,22:28:20,0,70070,28,70230,1,70310,1,349862,9.80E+06,2373,0,0
20210623,cu2202,22:29:03,0,70070,28,70230,1,70310,1,349862,9.80E+06,2373,0,0
20210623,cu2202,22:29:18,500,70070,28,70220,1,70310,1,349862,9.80E+06,2373,0,0
20210623,cu2202,22:29:45,0,70070,28,70220,1,70310,1,349862,9.80E+06,2373,0,0
20210623,cu2202,22:29:47,500,70070,28,70190,1,70290,1,349862,9.80E+06,2373,0,0
20210623,cu2202,22:29:53,500,70070,28,70190,1,70290,1,349862,9.80E+06,2373,0,0
20210623,cu2202,22:30:04,0,70070,28,70200,1,70350,1,349862,9.80E+06,2373,0,0
20210623,cu2202,22:30:06,500,70070,28,70220,1,70320,1,349862,9.80E+06,2373,0,0
20210623,cu2202,22:30:09,0,70070,28,70230,1,70320,1,349862,9.80E+06,2373,0,0
20210623,cu2202,22:30:15,0,70070,28,70250,1,70320,1,349862,9.80E+06,2373,0,0
20210623,cu2202,22:30:22,500,70070,28,70260,1,70350,1,349862,9.80E+06,2373,0,0
20210623,cu2202,22:30:26,500,70070,28,70250,1,70340,1,349862,9.80E+06,2373,0,0
20210623,cu2202,22:31:09,0,70070,28,70250,1,70340,1,349862,9.80E+06,2373,0,0
20210623,cu2202,22:31:14,0,70070,28,70250,1,70340,1,349862,9.80E+06,2373,0,0
20210623,cu2202,22:31:25,0,70070,28,70250,1,70340,1,349862,9.80E+06,2373,0,0
20210623,cu2202,22:31:32,500,70070,28,70250,1,70280,1,349862,9.80E+06,2373,0,0
20210623,cu2202,22:31:40,0,70270,29,70250,1,70260,1,349914,1.01E+07,2373,0,0
20210623,cu2202,22:32:03,500,70260,30,70260,1,70340,1,349960,1.05E+07,2373,0,0
20210623,cu2202,22:32:40,500,70260,30,70260,1,70370,1,349960,1.05E+07,2373,0,0
20210623,cu2202,22:32:49,500,70260,30,70260,1,70350,1,349960,1.05E+07,2373,0,0
20210623,cu2202,22:33:08,500,70260,30,70260,1,70370,1,349960,1.05E+07,2373,0,0
20210623,cu2202,22:33:13,0,70260,30,70270,1,70370,1,349960,1.05E+07,2373,0,0
20210623,cu2202,22:33:24,0,70260,30,70240,1,70360,1,349960,1.05E+07,2373,0,0
20210623,cu2202,22:33:41,500,70260,30,70250,1,70350,1,349960,1.05E+07,2373,0,0
20210623,cu2202,22:34:34,0,70260,30,70240,1,70320,1,349960,1.05E+07,2373,0,0
20210623,cu2202,22:34:36,0,70260,30,70240,1,70320,1,349960,1.05E+07,2373,0,0
20210623,cu2202,22:34:41,500,70260,30,70240,1,70310,1,349960,1.05E+07,2373,0,0
20210623,cu2202,22:34:46,0,70260,30,70210,1,70310,1,349960,1.05E+07,2373,0,0
20210623,cu2202,22:35:03,0,70260,30,70260,1,70340,1,349960,1.05E+07,2373,0,0
20210623,cu2202,22:35:13,0,70260,30,70260,1,70340,1,349960,1.05E+07,2373,0,0
20210623,cu2202,22:35:26,0,70260,30,70260,1,70340,1,349960,1.05E+07,2373,0,0
20210623,cu2202,22:35:32,0,70260,30,70250,1,70340,1,349960,1.05E+07,2373,0,0
20210623,cu2202,22:35:37,500,70260,30,70260,1,70350,1,349960,1.05E+07,2373,0,0
20210623,cu2202,22:35:46,500,70260,30,70250,1,70340,1,349960,1.05E+07,2373,0,0
20210623,cu2202,22:35:59,0,70260,30,70220,1,70340,1,349960,1.05E+07,2373,0,0
20210623,cu2202,22:36:03,500,70260,30,70220,1,70340,1,349960,1.05E+07,2373,0,0
20210623,cu2202,22:36:25,500,70260,30,70220,1,70340,1,349960,1.05E+07,2373,0,0
20210623,cu2202,22:36:41,500,70260,30,70220,1,70290,1,349960,1.05E+07,2373,0,0
20210623,cu2202,22:36:50,500,70260,30,70220,1,70300,1,349960,1.05E+07,2373,0,0
20210623,cu2202,22:37:01,0,70260,30,70220,1,70300,1,349960,1.05E+07,2373,0,0
20210623,cu2202,22:37:13,500,70260,30,70220,1,70300,1,349960,1.05E+07,2373,0,0
20210623,cu2202,22:37:26,0,70260,30,70230,1,70350,1,349960,1.05E+07,2373,0,0
20210623,cu2202,22:38:01,0,70230,31,70220,1,70260,1,349998,1.09E+07,2374,0,0
20210623,cu2202,22:38:11,500,70230,31,70220,1,70340,1,349998,1.09E+07,2374,0,0
20210623,cu2202,22:38:22,0,70230,31,70230,1,70340,1,349998,1.09E+07,2374,0,0
20210623,cu2202,22:38:45,0,70230,31,70230,1,70340,1,349998,1.09E+07,2374,0,0
20210623,cu2202,22:38:50,0,70230,31,70230,1,70340,1,349998,1.09E+07,2374,0,0
20210623,cu2202,22:38:53,0,70230,31,70240,2,70340,2,349998,1.09E+07,2374,0,0
20210623,cu2202,22:39:07,0,70230,31,70230,2,70340,2,349998,1.09E+07,2374,0,0
20210623,cu2202,22:39:23,0,70230,31,70240,1,70340,1,349998,1.09E+07,2374,0,0
20210623,cu2202,22:40:07,500,70230,31,70230,1,70340,1,349998,1.09E+07,2374,0,0
20210623,cu2202,22:40:18,500,70230,31,70250,2,70350,2,349998,1.09E+07,2374,0,0
20210623,cu2202,22:40:39,0,70230,31,70250,2,70350,2,349998,1.09E+07,2374,0,0
20210623,cu2202,22:41:02,500,70230,31,70270,1,70350,1,349998,1.09E+07,2374,0,0
20210623,cu2202,22:41:25,0,70230,31,70260,1,70350,1,349998,1.09E+07,2374,0,0
20210623,cu2202,22:41:33,500,70230,31,70260,1,70350,1,349998,1.09E+07,2374,0,0
20210623,cu2202,22:41:51,0,70230,31,70290,1,70350,1,349998,1.09E+07,2374,0,0
20210623,cu2202,22:41:57,500,70230,31,70300,1,70360,1,349998,1.09E+07,2374,0,0
20210623,cu2202,22:42:06,500,70230,31,70310,1,70360,1,349998,1.09E+07,2374,0,0
20210623,cu2202,22:42:19,0,70230,31,70300,1,70360,1,349998,1.09E+07,2374,0,0
20210623,cu2202,22:42:26,0,70230,31,70310,2,70360,2,349998,1.09E+07,2374,0,0
20210623,cu2202,22:43:21,0,70310,32,70290,1,70360,1,350047,1.12E+07,2374,0,0
20210623,cu2202,22:43:28,500,70310,32,70290,1,70360,1,350047,1.12E+07,2374,0,0
20210623,cu2202,22:43:30,500,70310,32,70250,1,70350,1,350047,1.12E+07,2374,0,0
20210623,cu2202,22:43:33,0,70310,32,70250,2,70350,2,350047,1.12E+07,2374,0,0
20210623,cu2202,22:44:02,0,70310,32,70250,2,70350,2,350047,1.12E+07,2374,0,0
20210623,cu2202,22:44:14,500,70310,32,70250,2,70350,2,350047,1.12E+07,2374,0,0
20210623,cu2202,22:44:41,500,70310,32,70250,2,70350,2,350047,1.12E+07,2374,0,0
20210623,cu2202,22:44:49,0,70310,32,70250,2,70340,2,350047,1.12E+07,2374,0,0
20210623,cu2202,22:45:06,500,70310,32,70230,1,70340,1,350047,1.12E+07,2374,0,0
20210623,cu2202,22:45:12,500,70310,32,70230,2,70340,2,350047,1.12E+07,2374,0,0
20210623,cu2202,22:45:22,0,70310,32,70230,2,70350,2,350047,1.12E+07,2374,0,0
20210623,cu2202,22:45:52,0,70310,32,70230,2,70350,2,350047,1.12E+07,2374,0,0
20210623,cu2202,22:45:58,0,70310,32,70260,1,70350,1,350047,1.12E+07,2374,0,0
20210623,cu2202,22:46:00,0,70310,32,70260,2,70350,2,350047,1.12E+07,2374,0,0
20210623,cu2202,22:46:18,500,70310,32,70120,2,70340,2,350047,1.12E+07,2374,0,0
20210623,cu2202,22:46:20,500,70310,32,70220,1,70340,1,350047,1.12E+07,2374,0,0
20210623,cu2202,22:46:24,500,70310,32,70220,1,70320,1,350047,1.12E+07,2374,0,0
20210623,cu2202,22:46:35,500,70310,32,70200,1,70320,1,350047,1.12E+07,2374,0,0
20210623,cu2202,22:46:42,500,70310,32,70200,1,70300,1,350047,1.12E+07,2374,0,0
20210623,cu2202,22:46:50,500,70310,32,70190,1,70300,1,350047,1.12E+07,2374,0,0
20210623,cu2202,22:46:56,0,70310,32,70190,1,70300,1,350047,1.12E+07,2374,0,0
20210623,cu2202,22:47:08,0,70310,32,70180,1,70300,1,350047,1.12E+07,2374,0,0
20210623,cu2202,22:48:13,0,70310,32,70180,1,70300,1,350047,1.12E+07,2374,0,0
20210623,cu2202,22:48:29,500,70310,32,70100,2,70270,2,350047,1.12E+07,2374,0,0
20210623,cu2202,22:49:09,0,70310,32,70150,1,70270,1,350047,1.12E+07,2374,0,0
20210623,cu2202,22:49:34,0,70310,32,70170,1,70270,1,350047,1.12E+07,2374,0,0
20210623,cu2202,22:50:00,0,70310,32,70170,1,70270,1,350047,1.12E+07,2374,0,0
20210623,cu2202,22:50:41,0,70310,32,70170,1,70270,1,350047,1.12E+07,2374,0,0
20210623,cu2202,22:50:53,0,70310,32,70040,1,70270,1,350047,1.12E+07,2374,0,0
20210623,cu2202,22:51:08,500,70310,32,70130,2,70230,2,350047,1.12E+07,2374,0,0
20210623,cu2202,22:51:21,0,70310,32,70130,1,70230,1,350047,1.12E+07,2374,0,0
20210623,cu2202,22:51:32,0,70310,32,70130,1,70260,1,350047,1.12E+07,2374,0,0
20210623,cu2202,22:51:43,0,70310,32,70140,4,70260,4,350047,1.12E+07,2374,0,0
20210623,cu2202,22:51:49,500,70310,32,70130,1,70240,1,350047,1.12E+07,2374,0,0
20210623,cu2202,22:52:15,0,70310,32,70130,1,70240,1,350047,1.12E+07,2374,0,0
20210623,cu2202,22:52:34,0,70310,32,70130,1,70220,1,350047,1.12E+07,2374,0,0
20210623,cu2202,22:52:36,500,70310,32,70100,1,70220,1,350047,1.12E+07,2374,0,0
20210623,cu2202,22:52:47,0,70310,32,70100,1,70190,1,350047,1.12E+07,2374,0,0
20210623,cu2202,22:52:52,0,70310,32,70100,1,70180,1,350047,1.12E+07,2374,0,0
20210623,cu2202,22:52:59,0,70310,32,70100,1,70180,1,350047,1.12E+07,2374,0,0
20210623,cu2202,22:53:07,500,70310,32,70080,2,70180,2,350047,1.12E+07,2374,0,0
20210623,cu2202,22:53:51,500,70310,32,70080,2,70180,2,350047,1.12E+07,2374,0,0
20210623,cu2202,22:54:02,500,70310,32,70060,1,70180,1,350047,1.12E+07,2374,0,0
20210623,cu2202,22:54:13,0,70310,32,70070,1,70180,1,350047,1.12E+07,2374,0,0
20210623,cu2202,22:54:16,0,70310,32,70060,2,70180,2,350047,1.12E+07,2374,0,0
20210623,cu2202,22:54:41,0,70310,32,70070,1,70180,1,350047,1.12E+07,2374,0,0
20210623,cu2202,22:54:52,500,70310,32,70090,1,70150,1,350047,1.12E+07,2374,0,0
20210623,cu2202,22:55:15,500,70310,32,69990,3,70180,3,350047,1.12E+07,2374,0,0
20210623,cu2202,22:55:17,500,70310,32,70060,1,70180,1,350047,1.12E+07,2374,0,0
20210623,cu2202,22:55:24,500,70310,32,70060,1,70160,1,350047,1.12E+07,2374,0,0
20210623,cu2202,22:55:51,0,70310,32,70060,2,70150,2,350047,1.12E+07,2374,0,0
20210623,cu2202,22:55:58,0,70060,33,70050,1,70140,1,350055,1.16E+07,2375,0,0
20210623,cu2202,22:56:01,500,70060,33,70030,1,70140,1,350055,1.16E+07,2375,0,0
20210623,cu2202,22:56:16,500,70060,33,70040,2,70180,2,350055,1.16E+07,2375,0,0
20210623,cu2202,22:56:44,500,70060,33,70070,1,70180,1,350055,1.16E+07,2375,0,0
20210623,cu2202,22:56:47,0,70060,33,70090,1,70190,1,350055,1.16E+07,2375,0,0
20210623,cu2202,22:57:34,0,70060,33,70100,2,70180,2,350055,1.16E+07,2375,0,0
20210623,cu2202,22:57:43,0,70060,33,70100,2,70180,2,350055,1.16E+07,2375,0,0
20210623,cu2202,22:57:49,0,70060,33,70080,1,70180,1,350055,1.16E+07,2375,0,0
20210623,cu2202,22:58:12,0,70060,33,70100,1,70180,1,350055,1.16E+07,2375,0,0
20210623,cu2202,22:58:28,0,70060,33,70130,1,70300,1,350055,1.16E+07,2375,0,0
20210623,cu2202,22:58:39,0,70060,33,70130,1,70230,1,350055,1.16E+07,2375,0,0
20210623,cu2202,22:58:53,500,70060,33,70120,2,70230,2,350055,1.16E+07,2375,0,0
20210623,cu2202,22:59:06,500,70060,33,70100,1,70210,1,350055,1.16E+07,2375,0,0
20210623,cu2202,22:59:25,0,70060,33,70110,3,70240,3,350055,1.16E+07,2375,0,0
20210623,cu2202,22:59:39,0,70060,33,70120,2,70220,2,350055,1.16E+07,2375,0,0
20210623,cu2202,22:59:59,0,70060,33,70130,2,70220,2,350055,1.16E+07,2375,0,0
20210623,cu2202,23:00:09,0,70060,33,70150,1,70240,1,350055,1.16E+07,2375,0,0
20210623,cu2202,23:00:15,500,70060,33,70150,2,70240,2,350055,1.16E+07,2375,0,0
20210623,cu2202,23:00:22,500,70060,33,70150,2,70240,2,350055,1.16E+07,2375,0,0
20210623,cu2202,23:00:27,0,70060,33,70150,1,70240,1,350055,1.16E+07,2375,0,0
20210623,cu2202,23:00:31,0,70060,33,70060,3,70240,3,350055,1.16E+07,2375,0,0
20210623,cu2202,23:00:34,500,70060,33,70100,1,70240,1,350055,1.16E+07,2375,0,0
20210623,cu2202,23:00:38,0,70060,33,70100,1,70230,1,350055,1.16E+07,2375,0,0
20210623,cu2202,23:00:41,0,70060,33,70120,2,70220,2,350055,1.16E+07,2375,0,0
20210623,cu2202,23:01:00,0,70060,33,70110,3,70220,3,350055,1.16E+07,2375,0,0
20210623,cu2202,23:01:02,0,70060,33,70090,1,70200,1,350055,1.16E+07,2375,0,0
20210623,cu2202,23:01:30,0,70060,33,70110,2,70200,2,350055,1.16E+07,2375,0,0
20210623,cu2202,23:01:41,0,70060,33,70110,1,70200,1,350055,1.16E+07,2375,0,0
20210623,cu2202,23:01:54,500,70060,33,70100,2,70200,2,350055,1.16E+07,2375,0,0
20210623,cu2202,23:02:08,0,70060,33,70060,1,70200,1,350055,1.16E+07,2375,0,0
20210623,cu2202,23:02:27,0,70060,33,70070,1,70180,1,350055,1.16E+07,2375,0,0
20210623,cu2202,23:03:16,500,70060,33,70080,1,70160,1,350055,1.16E+07,2375,0,0
20210623,cu2202,23:04:15,0,70080,34,70070,1,70150,1,350065,1.19E+07,2375,0,0
20210623,cu2202,23:05:11,500,70080,34,70070,1,70200,1,350065,1.19E+07,2375,0,0
20210623,cu2202,23:05:30,0,70080,34,70090,2,70200,2,350065,1.19E+07,2375,0,0
20210623,cu2202,23:05:51,0,70080,34,70100,1,70180,1,350065,1.19E+07,2375,0,0
20210623,cu2202,23:06:22,500,70100,35,70060,1,70170,1,350077,1.23E+07,2375,0,0
20210623,cu2202,23:07:11,0,70100,35,70090,1,70170,1,350077,1.23E+07,2375,0,0
20210623,cu2202,23:07:26,500,70100,35,70060,1,70170,1,350077,1.23E+07,2375,0,0
20210623,cu2202,23:07:49,0,70100,35,70050,1,70160,1,350077,1.23E+07,2375,0,0
20210623,cu2202,23:07:58,0,70100,35,70020,1,70160,1,350077,1.23E+07,2375,0,0
20210623,cu2202,23:08:32,0,70100,35,70020,1,70160,1,350077,1.23E+07,2375,0,0
20210623,cu2202,23:09:04,500,70100,35,70000,1,70160,1,350077,1.23E+07,2375,0,0
20210623,cu2202,23:09:07,500,70100,35,70010,2,70140,2,350077,1.23E+07,2375,0,0
20210623,cu2202,23:09:27,500,70100,35,70010,2,70110,2,350077,1.23E+07,2375,0,0
20210623,cu2202,23:09:34,0,70100,35,70010,2,70120,2,350077,1.23E+07,2375,0,0
20210623,cu2202,23:10:04,500,70100,35,70000,1,70110,1,350077,1.23E+07,2375,0,0
20210623,cu2202,23:10:11,500,70100,35,69980,1,70110,1,350077,1.23E+07,2375,0,0
20210623,cu2202,23:10:15,500,70100,35,69980,1,70110,1,350077,1.23E+07,2375,0,0
20210623,cu2202,23:10:19,500,70100,35,69910,3,70080,3,350077,1.23E+07,2375,0,0
20210623,cu2202,23:10:38,500,70100,35,69950,2,70070,2,350077,1.23E+07,2375,0,0
20210623,cu2202,23:10:41,0,70100,35,69950,3,70060,3,350077,1.23E+07,2375,0,0
20210623,cu2202,23:11:04,500,70100,35,69950,3,70070,3,350077,1.23E+07,2375,0,0
20210623,cu2202,23:11:10,500,70100,35,69950,3,70070,3,350077,1.23E+07,2375,0,0
20210623,cu2202,23:11:31,500,70100,35,69990,1,70110,1,350077,1.23E+07,2375,0,0
20210623,cu2202,23:11:50,500,70100,35,70000,2,70110,2,350077,1.23E+07,2375,0,0
20210623,cu2202,23:12:31,500,70100,35,70030,1,70120,1,350077,1.23E+07,2375,0,0
20210623,cu2202,23:12:59,0,70100,35,70030,1,70120,1,350077,1.23E+07,2375,0,0
20210623,cu2202,23:13:10,0,70100,35,70030,1,70160,1,350077,1.23E+07,2375,0,0
20210623,cu2202,23:13:30,500,70100,35,70030,1,70160,1,350077,1.23E+07,2375,0,0
20210623,cu2202,23:13:41,500,70100,35,70050,1,70160,1,350077,1.23E+07,2375,0,0
20210623,cu2202,23:15:20,500,70100,35,70090,1,70160,1,350077,1.23E+07,2375,0,0
20210623,cu2202,23:15:24,0,70100,35,70090,1,70180,1,350077,1.23E+07,2375,0,0
20210623,cu2202,23:15:55,0,70100,35,70090,1,70180,1,350077,1.23E+07,2375,0,0
20210623,cu2202,23:15:58,0,70100,35,70090,1,70220,1,350077,1.23E+07,2375,0,0
20210623,cu2202,23:16:09,0,70100,35,70090,1,70220,1,350077,1.23E+07,2375,0,0
20210623,cu2202,23:18:39,0,70100,35,70090,1,70220,1,350077,1.23E+07,2375,0,0
20210623,cu2202,23:19:13,0,70100,35,69960,2,70190,2,350077,1.23E+07,2375,0,0
20210623,cu2202,23:19:28,0,70100,35,70080,1,70190,1,350077,1.23E+07,2375,0,0
20210623,cu2202,23:19:30,0,70100,35,70060,1,70170,1,350077,1.23E+07,2375,0,0
20210623,cu2202,23:20:00,0,70100,35,70050,1,70170,1,350077,1.23E+07,2375,0,0
20210623,cu2202,23:20:14,500,70100,35,70040,1,70170,1,350077,1.23E+07,2375,0,0
20210623,cu2202,23:20:25,500,70100,35,70030,1,70170,1,350077,1.23E+07,2375,0,0
20210623,cu2202,23:20:37,0,70100,35,70000,3,70130,3,350077,1.23E+07,2375,0,0
20210623,cu2202,23:20:45,500,70100,35,70020,1,70120,1,350077,1.23E+07,2375,0,0
20210623,cu2202,23:20:48,0,70100,35,70010,1,70120,1,350077,1.23E+07,2375,0,0
20210623,cu2202,23:20:58,0,70100,35,70010,1,70150,1,350077,1.23E+07,2375,0,0
20210623,cu2202,23:21:39,0,70100,35,70050,1,70140,1,350077,1.23E+07,2375,0,0
20210623,cu2202,23:21:43,500,70100,35,70050,1,70170,1,350077,1.23E+07,2375,0,0
20210623,cu2202,23:21:51,500,70100,35,70050,1,70170,1,350077,1.23E+07,2375,0,0
20210623,cu2202,23:22:25,0,70100,35,70050,1,70180,1,350077,1.23E+07,2375,0,0
20210623,cu2202,23:23:02,500,70100,35,70050,1,70170,1,350077,1.23E+07,2375,0,0
20210623,cu2202,23:25:11,500,70100,35,70040,1,70170,1,350077,1.23E+07,2375,0,0
20210623,cu2202,23:25:19,0,70100,35,70020,1,70170,1,350077,1.23E+07,2375,0,0
20210623,cu2202,23:25:27,500,70100,35,70060,1,70170,1,350077,1.23E+07,2375,0,0
20210623,cu2202,23:25:46,0,70100,35,70060,1,70170,1,350077,1.23E+07,2375,0,0
20210623,cu2202,23:26:31,500,70100,35,70040,1,70170,1,350077,1.23E+07,2375,0,0
20210623,cu2202,23:26:47,0,70100,35,70080,1,70210,1,350077,1.23E+07,2375,0,0
20210623,cu2202,23:28:19,0,70100,35,70120,1,70200,1,350077,1.23E+07,2375,0,0
20210623,cu2202,23:28:32,0,70100,35,70090,1,70200,1,350077,1.23E+07,2375,0,0
20210623,cu2202,23:29:18,0,70100,35,70050,3,70200,3,350077,1.23E+07,2375,0,0
20210623,cu2202,23:29:25,500,70100,35,70060,1,70200,1,350077,1.23E+07,2375,0,0
20210623,cu2202,23:29:49,500,70100,35,70060,1,70200,1,350077,1.23E+07,2375,0,0
20210623,cu2202,23:31:30,500,70100,35,70060,1,70170,1,350077,1.23E+07,2375,0,0
20210623,cu2202,23:32:07,0,70100,35,70060,4,70210,4,350077,1.23E+07,2375,0,0
20210623,cu2202,23:32:45,0,70100,35,69980,1,70210,1,350077,1.23E+07,2375,0,0
20210623,cu2202,23:32:56,500,70100,35,70020,1,70190,1,350077,1.23E+07,2375,0,0
20210623,cu2202,23:33:27,0,70100,35,70030,5,70190,5,350077,1.23E+07,2375,0,0
20210623,cu2202,23:35:20,0,70100,35,70040,1,70190,1,350077,1.23E+07,2375,0,0
20210623,cu2202,23:35:49,500,70100,35,70040,1,70190,1,350077,1.23E+07,2375,0,0
20210623,cu2202,23:36:54,500,70100,35,70040,1,70190,1,350077,1.23E+07,2375,0,0
20210623,cu2202,23:37:52,0,70100,35,70040,1,70190,1,350077,1.23E+07,2375,0,0
20210623,cu2202,23:39:08,0,70100,35,70040,1,70190,1,350077,1.23E+07,2375,0,0
20210623,cu2202,23:39:56,0,70100,35,69980,4,70190,4,350077,1.23E+07,2375,0,0
20210623,cu2202,23:40:01,500,70100,35,70030,2,70190,2,350077,1.23E+07,2375,0,0
20210623,cu2202,23:40:22,500,70100,35,70030,2,70190,2,350077,1.23E+07,2375,0,0
20210623,cu2202,23:40:26,0,70100,35,70070,1,70190,1,350077,1.23E+07,2375,0,0
20210623,cu2202,23:40:34,0,70100,35,70080,3,70220,3,350077,1.23E+07,2375,0,0
20210623,cu2202,23:41:25,0,70100,35,70080,3,70210,3,350077,1.23E+07,2375,0,0
20210623,cu2202,23:41:48,0,70100,35,70070,1,70210,1,350077,1.23E+07,2375,0,0
20210623,cu2202,23:42:46,500,70100,35,70050,3,70210,3,350077,1.23E+07,2375,0,0
20210623,cu2202,23:42:57,0,70100,35,70070,3,70210,3,350077,1.23E+07,2375,0,0
20210623,cu2202,23:43:24,0,70100,35,70090,1,70240,1,350077,1.23E+07,2375,0,0
20210623,cu2202,23:43:38,0,70100,35,70090,1,70240,1,350077,1.23E+07,2375,0,0
20210623,cu2202,23:44:20,0,70100,35,70100,2,70240,2,350077,1.23E+07,2375,0,0
20210623,cu2202,23:44:22,0,70100,35,70100,3,70280,3,350077,1.23E+07,2375,0,0
20210623,cu2202,23:44:43,500,70100,35,70120,3,70270,3,350077,1.23E+07,2375,0,0
20210623,cu2202,23:45:07,0,70100,35,70120,3,70270,3,350077,1.23E+07,2375,0,0
20210623,cu2202,23:45:10,500,70100,35,70100,1,70240,1,350077,1.23E+07,2375,0,0
20210623,cu2202,23:45:24,500,70100,35,70110,3,70240,3,350077,1.23E+07,2375,0,0
20210623,cu2202,23:45:41,500,70100,35,70080,1,70240,1,350077,1.23E+07,2375,0,0
20210623,cu2202,23:45:50,0,70100,35,70080,3,70240,3,350077,1.23E+07,2375,0,0
20210623,cu2202,23:46:07,500,70100,35,70080,1,70240,1,350077,1.23E+07,2375,0,0
20210623,cu2202,23:46:18,0,70100,35,70080,1,70240,1,350077,1.23E+07,2375,0,0
20210623,cu2202,23:46:20,500,70100,35,70080,2,70210,2,350077,1.23E+07,2375,0,0
20210623,cu2202,23:46:35,0,70100,35,70080,2,70350,2,350077,1.23E+07,2375,0,0
20210623,cu2202,23:46:38,0,70100,35,70080,2,70230,2,350077,1.23E+07,2375,0,0
20210623,cu2202,23:46:44,0,70100,35,70080,5,70230,5,350077,1.23E+07,2375,0,0
20210623,cu2202,23:46:51,500,70100,35,70080,5,70230,5,350077,1.23E+07,2375,0,0
20210623,cu2202,23:48:04,0,70100,35,69990,1,70210,1,350077,1.23E+07,2375,0,0
20210623,cu2202,23:49:30,500,70100,35,70060,1,70200,1,350077,1.23E+07,2375,0,0
20210623,cu2202,23:49:47,500,70100,35,70040,1,70200,1,350077,1.23E+07,2375,0,0
20210623,cu2202,23:51:40,500,70100,35,70050,3,70200,3,350077,1.23E+07,2375,0,0
20210623,cu2202,23:52:10,500,70100,35,70050,6,70200,6,350077,1.23E+07,2375,0,0
20210623,cu2202,23:53:20,500,70100,35,70080,1,70200,1,350077,1.23E+07,2375,0,0
20210623,cu2202,23:53:35,0,70100,35,70070,1,70200,1,350077,1.23E+07,2375,0,0
20210623,cu2202,23:53:45,0,70100,35,70070,1,70200,1,350077,1.23E+07,2375,0,0
20210623,cu2202,23:54:44,0,70100,35,70070,5,70200,5,350077,1.23E+07,2375,0,0
20210623,cu2202,23:55:03,0,70100,35,70070,7,70250,7,350077,1.23E+07,2375,0,0
20210623,cu2202,23:56:13,0,70100,35,70080,1,70240,1,350077,1.23E+07,2375,0,0
20210623,cu2202,23:57:37,500,70100,35,70080,1,70240,1,350077,1.23E+07,2375,0,0
20210623,cu2202,23:58:14,500,70100,35,70080,2,70240,2,350077,1.23E+07,2375,0,0
20210623,cu2202,23:58:40,500,70100,35,70100,4,70240,4,350077,1.23E+07,2375,0,0
20210623,cu2202,23:59:20,500,70100,35,70100,3,70240,3,350077,1.23E+07,2375,0,0
20210623,cu2202,23:59:54,500,70100,35,70100,5,70240,5,350077,1.23E+07,2375,0,0
20210624,cu2202,0:00:10,500,70100,35,70110,1,70240,1,350077,1.23E+07,2375,0,0
20210624,cu2202,0:00:16,500,70100,35,70100,3,70240,3,350077,1.23E+07,2375,0,0
20210624,cu2202,0:00:52,0,70100,35,70100,3,70240,3,350077,1.23E+07,2375,0,0
20210624,cu2202,0:02:00,500,70100,35,70020,1,70240,1,350077,1.23E+07,2375,0,0
20210624,cu2202,0:02:44,500,70100,35,70080,3,70240,3,350077,1.23E+07,2375,0,0
20210624,cu2202,0:03:35,500,70100,35,70080,6,70240,6,350077,1.23E+07,2375,0,0
20210624,cu2202,0:03:53,500,70100,35,70090,2,70320,2,350077,1.23E+07,2375,0,0
20210624,cu2202,0:03:56,0,70100,35,70120,1,70270,1,350077,1.23E+07,2375,0,0
20210624,cu2202,0:04:07,0,70100,35,70110,3,70270,3,350077,1.23E+07,2375,0,0
20210624,cu2202,0:04:17,0,70100,35,70120,5,70270,5,350077,1.23E+07,2375,0,0
20210624,cu2202,0:05:34,500,70100,35,70120,4,70270,4,350077,1.23E+07,2375,0,0
20210624,cu2202,0:06:34,0,70100,35,70120,5,70270,5,350077,1.23E+07,2375,0,0
20210624,cu2202,0:07:32,0,70100,35,70120,3,70270,3,350077,1.23E+07,2375,0,0
20210624,cu2202,0:07:50,500,70100,35,70110,1,70240,1,350077,1.23E+07,2375,0,0
20210624,cu2202,0:08:11,500,70100,35,70110,1,70240,1,350077,1.23E+07,2375,0,0
20210624,cu2202,0:09:16,0,70100,35,70120,3,70240,3,350077,1.23E+07,2375,0,0
20210624,cu2202,0:09:27,500,70100,35,70120,6,70240,6,350077,1.23E+07,2375,0,0
20210624,cu2202,0:11:12,0,70100,35,70120,4,70240,4,350077,1.23E+07,2375,0,0
20210624,cu2202,0:13:48,500,70100,35,70120,8,70240,8,350077,1.23E+07,2375,0,0
20210624,cu2202,0:14:00,0,70100,35,70120,9,70300,9,350077,1.23E+07,2375,0,0
20210624,cu2202,0:14:52,0,70100,35,70120,8,70300,8,350077,1.23E+07,2375,0,0
20210624,cu2202,0:16:09,0,70100,35,70120,9,70300,9,350077,1.23E+07,2375,0,0
20210624,cu2202,0:16:45,0,70100,35,70120,8,70280,8,350077,1.23E+07,2375,0,0
20210624,cu2202,0:18:49,0,70100,35,70120,4,70270,4,350077,1.23E+07,2375,0,0
20210624,cu2202,0:19:17,500,70100,35,70120,4,70270,4,350077,1.23E+07,2375,0,0
20210624,cu2202,0:20:24,500,70100,35,70130,2,70270,2,350077,1.23E+07,2375,0,0
20210624,cu2202,0:20:32,500,70100,35,70160,1,70270,1,350077,1.23E+07,2375,0,0
20210624,cu2202,0:23:11,0,70100,35,70180,1,70270,1,350077,1.23E+07,2375,0,0
20210624,cu2202,0:23:20,500,70100,35,70150,3,70270,3,350077,1.23E+07,2375,0,0
20210624,cu2202,0:24:04,0,70100,35,70150,8,70350,8,350077,1.23E+07,2375,0,0
20210624,cu2202,0:24:54,0,70100,35,70150,9,70310,9,350077,1.23E+07,2375,0,0
20210624,cu2202,0:25:05,0,70100,35,70150,9,70310,9,350077,1.23E+07,2375,0,0
20210624,cu2202,0:25:14,500,70100,35,70070,1,70300,1,350077,1.23E+07,2375,0,0
20210624,cu2202,0:25:32,0,70100,35,70100,3,70260,3,350077,1.23E+07,2375,0,0
20210624,cu2202,0:25:54,0,70100,35,70120,1,70260,1,350077,1.23E+07,2375,0,0
20210624,cu2202,0:26:03,500,70100,35,70100,4,70250,4,350077,1.23E+07,2375,0,0
20210624,cu2202,0:26:07,500,70100,35,70090,1,70240,1,350077,1.23E+07,2375,0,0
20210624,cu2202,0:26:16,500,70100,35,70090,1,70240,1,350077,1.23E+07,2375,0,0
20210624,cu2202,0:26:21,500,70100,35,70070,3,70240,3,350077,1.23E+07,2375,0,0
20210624,cu2202,0:26:52,0,70100,35,70070,3,70220,3,350077,1.23E+07,2375,0,0
20210624,cu2202,0:27:58,0,70100,35,70070,7,70220,7,350077,1.23E+07,2375,0,0
20210624,cu2202,0:29:36,0,70100,35,70070,3,70220,3,350077,1.23E+07,2375,0,0
20210624,cu2202,0:30:03,500,70100,35,70070,3,70210,3,350077,1.23E+07,2375,0,0
20210624,cu2202,0:31:05,0,70100,35,70080,1,70200,1,350077,1.23E+07,2375,0,0
20210624,cu2202,0:32:13,500,70100,35,70070,3,70200,3,350077,1.23E+07,2375,0,0
20210624,cu2202,0:34:39,0,70100,35,70040,4,70200,4,350077,1.23E+07,2375,0,0
20210624,cu2202,0:35:28,500,70100,35,70040,4,70200,4,350077,1.23E+07,2375,0,0
20210624,cu2202,0:35:48,0,70100,35,70040,6,70200,6,350077,1.23E+07,2375,0,0
20210624,cu2202,0:36:13,0,70100,35,70040,8,70200,8,350077,1.23E+07,2375,0,0
20210624,cu2202,0:38:48,500,70100,35,70040,8,70200,8,350077,1.23E+07,2375,0,0
20210624,cu2202,0:39:27,0,70100,35,70020,1,70180,1,350077,1.23E+07,2375,0,0
20210624,cu2202,0:39:29,500,70100,35,70010,1,70180,1,350077,1.23E+07,2375,0,0
20210624,cu2202,0:39:33,0,70100,35,70000,4,70150,4,350077,1.23E+07,2375,0,0
20210624,cu2202,0:39:51,0,70100,35,70000,3,70150,3,350077,1.23E+07,2375,0,0
20210624,cu2202,0:39:58,0,70100,35,69940,2,70140,2,350077,1.23E+07,2375,0,0
20210624,cu2202,0:40:05,0,70100,35,69970,1,70150,1,350077,1.23E+07,2375,0,0
20210624,cu2202,0:40:39,500,70100,35,69980,3,70130,3,350077,1.23E+07,2375,0,0
20210624,cu2202,0:41:01,0,70100,35,69980,3,70160,3,350077,1.23E+07,2375,0,0
20210624,cu2202,0:41:06,500,70100,35,69980,3,70160,3,350077,1.23E+07,2375,0,0
20210624,cu2202,0:41:11,500,70100,35,69980,3,70160,3,350077,1.23E+07,2375,0,0
20210624,cu2202,0:41:34,500,70100,35,69980,5,70160,5,350077,1.23E+07,2375,0,0
20210624,cu2202,0:41:51,500,70100,35,69980,6,70160,6,350077,1.23E+07,2375,0,0
20210624,cu2202,0:42:28,500,70100,35,70020,1,70210,1,350077,1.23E+07,2375,0,0
20210624,cu2202,0:42:49,500,70100,35,70020,1,70180,1,350077,1.23E+07,2375,0,0
20210624,cu2202,0:43:34,500,70100,35,70040,3,70180,3,350077,1.23E+07,2375,0,0
20210624,cu2202,0:44:28,500,70100,35,70020,1,70180,1,350077,1.23E+07,2375,0,0
20210624,cu2202,0:46:05,500,70100,35,70060,1,70180,1,350077,1.23E+07,2375,0,0
20210624,cu2202,0:46:26,0,70100,35,70030,5,70180,5,350077,1.23E+07,2375,0,0
20210624,cu2202,0:47:04,500,70100,35,70030,4,70180,4,350077,1.23E+07,2375,0,0
20210624,cu2202,0:47:31,500,70100,35,69930,2,70180,2,350077,1.23E+07,2375,0,0
20210624,cu2202,0:47:49,500,70100,35,70020,3,70180,3,350077,1.23E+07,2375,0,0
20210624,cu2202,0:48:00,500,70100,35,70030,2,70200,2,350077,1.23E+07,2375,0,0
20210624,cu2202,0:48:18,0,70100,35,70020,3,70200,3,350077,1.23E+07,2375,0,0
20210624,cu2202,0:48:45,0,70100,35,70050,1,70200,1,350077,1.23E+07,2375,0,0
20210624,cu2202,0:48:49,0,70100,35,70050,1,70220,1,350077,1.23E+07,2375,0,0
20210624,cu2202,0:49:03,0,70100,35,70060,2,70220,2,350077,1.23E+07,2375,0,0
20210624,cu2202,0:49:34,0,70100,35,70070,2,70220,2,350077,1.23E+07,2375,0,0
20210624,cu2202,0:49:45,500,70100,35,70090,1,70220,1,350077,1.23E+07,2375,0,0
20210624,cu2202,0:50:05,500,70100,35,70090,1,70250,1,350077,1.23E+07,2375,0,0
20210624,cu2202,0:50:15,500,70100,35,70100,1,70240,1,350077,1.23E+07,2375,0,0
20210624,cu2202,0:52:07,0,70100,35,70130,1,70240,1,350077,1.23E+07,2375,0,0
20210624,cu2202,0:52:56,500,70100,35,70130,1,70230,1,350077,1.23E+07,2375,0,0
20210624,cu2202,0:53:29,500,70100,35,70150,2,70240,2,350077,1.23E+07,2375,0,0
20210624,cu2202,0:53:42,0,70100,35,70160,1,70240,1,350077,1.23E+07,2375,0,0
20210624,cu2202,0:53:56,0,70100,35,70090,1,70230,1,350077,1.23E+07,2375,0,0
20210624,cu2202,0:54:02,500,70100,35,70120,2,70230,2,350077,1.23E+07,2375,0,0
20210624,cu2202,0:54:05,0,70100,35,70130,3,70230,3,350077,1.23E+07,2375,0,0
20210624,cu2202,0:54:08,0,70100,35,70150,1,70230,1,350077,1.23E+07,2375,0,0
20210624,cu2202,0:54:17,500,70100,35,70140,1,70240,1,350077,1.23E+07,2375,0,0
20210624,cu2202,0:54:43,500,70100,35,70150,2,70240,2,350077,1.23E+07,2375,0,0
20210624,cu2202,0:55:04,500,70100,35,70090,1,70240,1,350077,1.23E+07,2375,0,0
20210624,cu2202,0:56:30,0,70100,35,70110,2,70250,2,350077,1.23E+07,2375,0,0
20210624,cu2202,0:56:33,500,70100,35,70140,5,70250,5,350077,1.23E+07,2375,0,0
20210624,cu2202,0:57:11,500,70100,35,70160,3,70210,3,350077,1.23E+07,2375,0,0
20210624,cu2202,0:57:21,0,70100,35,70160,1,70200,1,350077,1.23E+07,2375,0,0
20210624,cu2202,0:57:23,0,70170,37,70170,2,70210,2,350119,1.30E+07,2375,0,0
20210624,cu2202,0:57:44,500,70170,37,70130,1,70240,1,350119,1.30E+07,2375,0,0
20210624,cu2202,0:57:54,0,70170,37,70150,1,70240,1,350119,1.30E+07,2375,0,0
20210624,cu2202,0:58:03,0,70170,37,70150,3,70240,3,350119,1.30E+07,2375,0,0
20210624,cu2202,0:58:06,0,70170,37,70160,2,70260,2,350119,1.30E+07,2375,0,0
20210624,cu2202,0:58:15,0,70170,37,70160,2,70260,2,350119,1.30E+07,2375,0,0
20210624,cu2202,0:58:39,0,70170,37,70170,2,70260,2,350119,1.30E+07,2375,0,0
20210624,cu2202,0:58:53,0,70170,37,70150,1,70250,1,350119,1.30E+07,2375,0,0
20210624,cu2202,0:59:13,500,70170,37,70160,4,70300,4,350119,1.30E+07,2375,0,0
20210624,cu2202,0:59:15,500,70170,37,70180,2,70290,2,350119,1.30E+07,2375,0,0
20210624,cu2202,0:59:31,0,70170,37,70190,4,70290,4,350119,1.30E+07,2375,0,0
20210624,cu2202,0:59:37,0,70170,37,70150,1,70250,1,350119,1.30E+07,2375,0,0
20210624,cu2202,0:59:39,500,70170,37,70180,1,70250,1,350119,1.30E+07,2375,0,0
20210624,cu2202,0:59:46,500,70170,37,70170,2,70250,2,350119,1.30E+07,2375,0,0
20210624,cu2202,0:59:49,500,70170,37,70120,1,70250,1,350119,1.30E+07,2375,0,0
20210624,cu2202,0:59:51,500,70170,37,70090,1,70250,1,350119,1.30E+07,2375,0,0
20210624,cu2202,0:59:56,0,70170,37,69000,1,70350,1,350119,1.30E+07,2375,0,0
20210624,cu2202,22:03:03,0,70110,25,70000,1,70070,1,349818,8.75E+06,2370,0,0
20210624,cu2202,22:03:13,0,70110,25,70000,1,70090,1,349818,8.75E+06,2370,0,0
20210624,cu2202,22:03:16,500,70110,25,70010,1,70140,1,349818,8.75E+06,2370,0,0
20210624,cu2202,22:03:18,500,70110,25,70010,1,70130,1,349818,8.75E+06,2370,0,0
20210624,cu2202,22:03:24,500,70110,25,70030,2,70130,2,349818,8.75E+06,2370,0,0
20210624,cu2202,22:03:38,0,70110,25,70010,2,70130,2,349818,8.75E+06,2370,0,0
20210624,cu2202,22:03:42,500,70110,25,70010,1,70110,1,349818,8.75E+06,2370,0,0
20210624,cu2202,22:03:46,0,70110,25,70020,2,70130,2,349818,8.75E+06,2370,0,0
20210624,cu2202,22:03:58,500,70110,25,70040,1,70130,1,349818,8.75E+06,2370,0,0
20210624,cu2202,22:04:22,0,70110,25,70050,2,70160,2,349818,8.75E+06,2370,0,0
20210624,cu2202,22:04:29,500,70110,25,70050,2,70150,2,349818,8.75E+06,2370,0,0
20210624,cu2202,22:04:37,0,70110,25,70050,2,70160,2,349818,8.75E+06,2370,0,0
20210624,cu2202,22:04:55,0,70110,25,70050,2,70160,2,349818,8.75E+06,2370,0,0
20210624,cu2202,22:05:01,500,70110,25,70050,2,70150,2,349818,8.75E+06,2370,0,0
20210624,cu2202,22:05:38,0,70110,25,70050,1,70150,1,349818,8.75E+06,2370,0,0
20210624,cu2202,22:05:40,0,70110,25,70040,1,70150,1,349818,8.75E+06,2370,0,0
20210624,cu2202,22:05:46,500,70110,25,70010,1,70120,1,349818,8.75E+06,2370,0,0
20210624,cu2202,22:05:48,500,70110,25,70010,2,70100,2,349818,8.75E+06,2370,0,0
20210624,cu2202,22:05:55,0,70110,25,70010,2,70110,2,349818,8.75E+06,2370,0,0
20210624,cu2202,22:06:08,0,70110,25,70010,1,70130,1,349818,8.75E+06,2370,0,0
20210624,cu2202,22:06:10,0,70110,25,70040,1,70130,1,349818,8.75E+06,2370,0,0
20210624,cu2202,22:06:49,500,70110,25,70040,1,70120,1,349818,8.75E+06,2370,0,0
20210624,cu2202,22:07:02,500,70110,25,70010,1,70100,1,349818,8.75E+06,2370,0,0
20210624,cu2202,22:07:18,500,70110,25,70010,1,70100,1,349818,8.75E+06,2370,0,0
20210624,cu2202,22:07:22,500,70110,25,70010,2,70130,2,349818,8.75E+06,2370,0,0
20210624,cu2202,22:07:25,0,70110,25,70010,2,70130,2,349818,8.75E+06,2370,0,0
20210624,cu2202,22:07:46,500,70110,25,70030,1,70120,1,349818,8.75E+06,2370,0,0
20210624,cu2202,22:07:55,500,70110,25,70030,1,70120,1,349818,8.75E+06,2370,0,0
20210624,cu2202,22:08:07,0,70110,25,70030,1,70120,1,349818,8.75E+06,2370,0,0
20210624,cu2202,22:08:29,0,70110,25,70030,1,70120,1,349818,8.75E+06,2370,0,0
20210624,cu2202,22:08:39,500,70110,25,70030,1,70110,1,349818,8.75E+06,2370,0,0
20210624,cu2202,22:08:48,500,70110,25,70030,1,70120,1,349818,8.75E+06,2370,0,0
20210624,cu2202,22:08:54,0,70110,25,70020,1,70110,1,349818,8.75E+06,2370,0,0
20210624,cu2202,22:09:24,0,70110,25,70030,1,70120,1,349818,8.75E+06,2370,0,0
20210624,cu2202,22:09:40,0,70110,25,70020,1,70110,1,349818,8.75E+06,2370,0,0
20210624,cu2202,22:09:46,500,70110,25,70020,1,70110,1,349818,8.75E+06,2370,0,0
20210624,cu2202,22:10:06,0,70110,25,70000,1,70080,1,349818,8.75E+06,2370,0,0
20210624,cu2202,22:10:12,0,70110,25,70000,1,70080,1,349818,8.75E+06,2370,0,0
20210624,cu2202,22:10:17,0,70110,25,70010,1,70100,1,349818,8.75E+06,2370,0,0
20210624,cu2202,22:10:20,0,70110,25,70010,1,70120,1,349818,8.75E+06,2370,0,0
20210624,cu2202,22:10:38,500,70110,25,70010,2,70120,2,349818,8.75E+06,2370,0,0
20210624,cu2202,22:10:45,0,70110,25,70000,1,70090,1,349818,8.75E+06,2370,0,0
20210624,cu2202,22:11:04,500,70110,25,70000,1,70090,1,349818,8.75E+06,2370,0,0
20210624,cu2202,22:11:14,500,70110,25,70000,1,70070,1,349818,8.75E+06,2370,0,0
20210624,cu2202,22:11:17,0,70110,25,70000,1,70030,1,349818,8.75E+06,2370,0,0
20210624,cu2202,22:11:21,0,70110,25,70000,1,70050,1,349818,8.75E+06,2370,0,0
20210624,cu2202,22:11:32,0,70110,25,70000,1,70060,1,349818,8.75E+06,2370,0,0
20210624,cu2202,22:11:53,500,70110,25,70000,1,70060,1,349818,8.75E+06,2370,0,0
20210624,cu2202,22:11:57,500,70110,25,70000,1,70090,1,349818,8.75E+06,2370,0,0
20210624,cu2202,22:12:02,0,70000,26,69980,1,70090,1,349825,9.10E+06,2371,0,0
20210624,cu2202,22:12:08,0,70000,26,69980,1,70110,1,349825,9.10E+06,2371,0,0
20210624,cu2202,22:12:12,0,70000,26,69980,1,70100,1,349825,9.10E+06,2371,0,0
20210624,cu2202,22:12:22,0,70000,26,70000,2,70100,2,349825,9.10E+06,2371,0,0
20210624,cu2202,22:12:39,500,70000,26,70000,2,70090,2,349825,9.10E+06,2371,0,0
20210624,cu2202,22:12:46,500,70000,26,70000,2,70130,2,349825,9.10E+06,2371,0,0
20210624,cu2202,22:12:55,0,70000,26,70000,2,70130,2,349825,9.10E+06,2371,0,0
20210624,cu2202,22:13:04,500,70000,26,70000,2,70130,2,349825,9.10E+06,2371,0,0
20210624,cu2202,22:13:12,500,70000,26,70040,1,70130,1,349825,9.10E+06,2371,0,0
20210624,cu2202,22:13:26,500,70000,26,70060,1,70160,1,349825,9.10E+06,2371,0,0
20210624,cu2202,22:13:57,500,70000,26,70060,1,70180,1,349825,9.10E+06,2371,0,0
20210624,cu2202,22:14:02,500,70000,26,70060,1,70180,1,349825,9.10E+06,2371,0,0
20210624,cu2202,22:14:19,0,70000,26,70060,2,70180,2,349825,9.10E+06,2371,0,0
20210624,cu2202,22:14:33,0,70000,26,70060,2,70180,2,349825,9.10E+06,2371,0,0
20210624,cu2202,22:14:36,0,70000,26,70090,1,70200,1,349825,9.10E+06,2371,0,0
20210624,cu2202,22:14:38,500,70000,26,70090,1,70200,1,349825,9.10E+06,2371,0,0
20210624,cu2202,22:14:48,0,70000,26,70090,1,70190,1,349825,9.10E+06,2371,0,0
20210624,cu2202,22:15:00,500,70000,26,70090,1,70190,1,349825,9.10E+06,2371,0,0
20210624,cu2202,22:15:14,500,70000,26,70090,1,70180,1,349825,9.10E+06,2371,0,0
20210624,cu2202,22:15:22,0,70000,26,70090,1,70170,1,349825,9.10E+06,2371,0,0
20210624,cu2202,22:15:27,0,70000,26,70070,1,70170,1,349825,9.10E+06,2371,0,0
20210624,cu2202,22:15:36,0,70000,26,70070,1,70170,1,349825,9.10E+06,2371,0,0
20210624,cu2202,22:15:39,500,70070,27,70080,1,70170,1,349844,9.45E+06,2372,0,0
20210624,cu2202,22:15:49,500,70070,27,70080,1,70190,1,349844,9.45E+06,2372,0,0
20210624,cu2202,22:16:03,500,70070,27,70080,1,70180,1,349844,9.45E+06,2372,0,0
20210624,cu2202,22:16:14,500,70070,27,70060,1,70160,1,349844,9.45E+06,2372,0,0
20210624,cu2202,22:16:24,0,70070,27,70060,1,70160,1,349844,9.45E+06,2372,0,0
20210624,cu2202,22:16:26,500,70070,27,70060,1,70160,1,349844,9.45E+06,2372,0,0
20210624,cu2202,22:16:39,500,70070,27,70040,1,70140,1,349844,9.45E+06,2372,0,0
20210624,cu2202,22:16:44,0,70070,27,70030,1,70120,1,349844,9.45E+06,2372,0,0
20210624,cu2202,22:16:54,500,70070,27,70030,1,70120,1,349844,9.45E+06,2372,0,0
20210624,cu2202,22:17:05,0,70070,27,70040,1,70150,1,349844,9.45E+06,2372,0,0
20210624,cu2202,22:17:07,0,70070,27,70040,1,70140,1,349844,9.45E+06,2372,0,0
20210624,cu2202,22:17:27,500,70070,28,70040,1,70140,1,349862,9.80E+06,2373,0,0
20210624,cu2202,22:17:32,0,70070,28,70070,1,70210,1,349862,9.80E+06,2373,0,0
20210624,cu2202,22:17:38,0,70070,28,70070,1,70210,1,349862,9.80E+06,2373,0,0
20210624,cu2202,22:17:40,500,70070,28,70090,1,70180,1,349862,9.80E+06,2373,0,0
20210624,cu2202,22:17:50,500,70070,28,70110,1,70200,1,349862,9.80E+06,2373,0,0
20210624,cu2202,22:17:58,500,70070,28,70120,1,70230,1,349862,9.80E+06,2373,0,0
20210624,cu2202,22:18:18,0,70070,28,70120,2,70220,2,349862,9.80E+06,2373,0,0
20210624,cu2202,22:18:23,500,70070,28,70140,1,70240,1,349862,9.80E+06,2373,0,0
20210624,cu2202,22:18:25,500,70070,28,70150,1,70240,1,349862,9.80E+06,2373,0,0
20210624,cu2202,22:18:30,0,70070,28,70150,1,70240,1,349862,9.80E+06,2373,0,0
20210624,cu2202,22:18:34,500,70070,28,70150,2,70250,2,349862,9.80E+06,2373,0,0
20210624,cu2202,22:18:50,0,70070,28,70180,1,70280,1,349862,9.80E+06,2373,0,0
20210624,cu2202,22:18:59,0,70070,28,70190,1,70280,1,349862,9.80E+06,2373,0,0
20210624,cu2202,22:19:06,0,70070,28,70190,1,70270,1,349862,9.80E+06,2373,0,0
20210624,cu2202,22:19:09,500,70070,28,70180,1,70290,1,349862,9.80E+06,2373,0,0
20210624,cu2202,22:19:11,500,70070,28,70180,1,70280,1,349862,9.80E+06,2373,0,0
20210624,cu2202,22:19:15,0,70070,28,70190,1,70290,1,349862,9.80E+06,2373,0,0
20210624,cu2202,22:19:17,500,70070,28,70190,1,70280,1,349862,9.80E+06,2373,0,0
20210624,cu2202,22:19:20,0,70070,28,70190,2,70290,2,349862,9.80E+06,2373,0,0
20210624,cu2202,22:19:27,500,70070,28,70190,2,70330,2,349862,9.80E+06,2373,0,0
20210624,cu2202,22:19:31,500,70070,28,70190,2,70300,2,349862,9.80E+06,2373,0,0
20210624,cu2202,22:19:52,0,70070,28,70190,2,70320,2,349862,9.80E+06,2373,0,0
20210624,cu2202,22:20:01,0,70070,28,70190,2,70320,2,349862,9.80E+06,2373,0,0
20210624,cu2202,22:20:10,500,70070,28,70190,2,70310,2,349862,9.80E+06,2373,0,0
20210624,cu2202,22:20:35,0,70070,28,70190,2,70310,2,349862,9.80E+06,2373,0,0
20210624,cu2202,22:20:40,0,70070,28,70230,1,70310,1,349862,9.80E+06,2373,0,0
20210624,cu2202,22:20:45,0,70070,28,70230,1,70330,1,349862,9.80E+06,2373,0,0
20210624,cu2202,22:20:50,500,70070,28,70230,1,70340,1,349862,9.80E+06,2373,0,0
20210624,cu2202,22:20:55,0,70070,28,70230,1,70320,1,349862,9.80E+06,2373,0,0
20210624,cu2202,22:21:00,500,70070,28,70230,1,70300,1,349862,9.80E+06,2373,0,0
20210624,cu2202,22:21:24,0,70070,28,70220,1,70300,1,349862,9.80E+06,2373,0,0
20210624,cu2202,22:21:50,0,70070,28,70220,1,70300,1,349862,9.80E+06,2373,0,0
20210624,cu2202,22:22:09,500,70070,28,70220,1,70300,1,349862,9.80E+06,2373,0,0
20210624,cu2202,22:22:13,500,70070,28,70210,1,70300,1,349862,9.80E+06,2373,0,0
20210624,cu2202,22:22:29,0,70070,28,70210,1,70330,1,349862,9.80E+06,2373,0,0
20210624,cu2202,22:22:44,0,70070,28,70220,1,70280,1,349862,9.80E+06,2373,0,0
20210624,cu2202,22:23:03,0,70070,28,70230,1,70310,1,349862,9.80E+06,2373,0,0
20210624,cu2202,22:23:15,0,70070,28,70230,2,70310,2,349862,9.80E+06,2373,0,0
20210624,cu2202,22:23:28,0,70070,28,70230,2,70330,2,349862,9.80E+06,2373,0,0
20210624,cu2202,22:24:00,0,70070,28,70230,2,70360,2,349862,9.80E+06,2373,0,0
20210624,cu2202,22:24:05,0,70070,28,70230,1,70330,1,349862,9.80E+06,2373,0,0
20210624,cu2202,22:24:07,0,70070,28,70210,1,70310,1,349862,9.80E+06,2373,0,0
20210624,cu2202,22:24:17,500,70070,28,70210,1,70310,1,349862,9.80E+06,2373,0,0
20210624,cu2202,22:24:21,0,70070,28,70210,1,70310,1,349862,9.80E+06,2373,0,0
20210624,cu2202,22:25:06,500,70070,28,70200,1,70310,1,349862,9.80E+06,2373,0,0
20210624,cu2202,22:25:09,500,70070,28,70210,1,70310,1,349862,9.80E+06,2373,0,0
20210624,cu2202,22:25:15,500,70070,28,70210,1,70310,1,349862,9.80E+06,2373,0,0
20210624,cu2202,22:25:25,0,70070,28,70250,1,70310,1,349862,9.80E+06,2373,0,0
20210624,cu2202,22:25:27,500,70070,28,70260,1,70300,1,349862,9.80E+06,2373,0,0
20210624,cu2202,22:25:29,500,70070,28,70250,1,70370,1,349862,9.80E+06,2373,0,0
20210624,cu2202,22:25:31,500,70070,28,70250,1,70310,1,349862,9.80E+06,2373,0,0
20210624,cu2202,22:25:33,500,70070,28,70250,1,70360,1,349862,9.80E+06,2373,0,0
20210624,cu2202,22:25:40,500,70070,28,70250,1,70330,1,349862,9.80E+06,2373,0,0
20210624,cu2202,22:25:44,500,70070,28,70250,1,70310,1,349862,9.80E+06,2373,0,0
