datetime,symbol,time,tick,askPrice,volume1,lastPrice,volume2,bidPrice,volume3,amount,turnover,other,,
20210623,cu2201,21:00:00,500,69440,2,69330,1,69480,1,346625,693250,5765,0,0
20210623,cu2201,21:00:02,500,69480,3,69210,1,69540,1,346883,1.04E+06,5765,0,0
20210623,cu2201,21:00:04,500,69540,4,69450,5,69570,5,347088,1.39E+06,5765,0,0
20210623,cu2201,21:00:06,500,69540,4,69510,2,69600,2,347088,1.39E+06,5765,0,0
20210623,cu2201,21:00:08,500,69540,4,69520,16,69600,16,347088,1.39E+06,5765,0,0
20210623,cu2201,21:00:10,500,69540,4,69520,1,69570,1,347088,1.39E+06,5765,0,0
20210623,cu2201,21:00:12,500,69540,4,69550,6,69570,6,347088,1.39E+06,5765,0,0
20210623,cu2201,21:00:14,500,69570,6,69550,13,69630,13,347342,2.08E+06,5765,0,0
20210623,cu2201,21:00:16,500,69570,6,69400,1,69630,1,347342,2.08E+06,5765,0,0
20210623,cu2201,21:00:18,500,69570,6,69520,11,69610,11,347342,2.08E+06,5765,0,0
20210623,cu2201,21:00:21,0,69570,6,69520,12,69600,12,347342,2.08E+06,5765,0,0
20210623,cu2201,21:00:25,0,69570,6,69520,11,69580,11,347342,2.08E+06,5765,0,0
20210623,cu2201,21:00:27,500,69570,6,69540,2,69610,2,347342,2.08E+06,5765,0,0
20210623,cu2201,21:00:30,500,69570,6,69560,2,69610,2,347342,2.08E+06,5765,0,0
20210623,cu2201,21:00:32,500,69570,6,69550,8,69620,8,347342,2.08E+06,5765,0,0
20210623,cu2201,21:00:35,0,69570,6,69530,9,69620,9,347342,2.08E+06,5765,0,0
20210623,cu2201,21:00:38,500,69570,6,69530,11,69600,11,347342,2.08E+06,5765,0,0
20210623,cu2201,21:00:40,500,69570,6,69520,2,69600,2,347342,2.08E+06,5765,0,0
20210623,cu2201,21:00:42,500,69570,6,69530,1,69570,1,347342,2.08E+06,5765,0,0
20210623,cu2201,21:00:47,0,69570,6,69470,11,69540,11,347342,2.08E+06,5765,0,0
20210623,cu2201,21:00:49,0,69570,6,69440,1,69540,1,347342,2.08E+06,5765,0,0
20210623,cu2201,21:00:51,0,69570,6,69440,1,69540,1,347342,2.08E+06,5765,0,0
20210623,cu2201,21:00:53,0,69570,6,69440,2,69520,2,347342,2.08E+06,5765,0,0
20210623,cu2201,21:00:55,500,69570,6,69450,1,69570,1,347342,2.08E+06,5765,0,0
20210623,cu2201,21:00:57,500,69570,6,69470,2,69540,2,347342,2.08E+06,5765,0,0
20210623,cu2201,21:01:00,500,69570,6,69480,1,69550,1,347342,2.08E+06,5765,0,0
20210623,cu2201,21:01:02,500,69570,6,69460,8,69550,8,347342,2.08E+06,5765,0,0
20210623,cu2201,21:01:04,500,69570,6,69470,3,69570,3,347342,2.08E+06,5765,0,0
20210623,cu2201,21:01:06,500,69570,6,69480,4,69570,4,347342,2.08E+06,5765,0,0
20210623,cu2201,21:01:09,0,69570,6,69460,6,69550,6,347342,2.08E+06,5765,0,0
20210623,cu2201,21:01:11,0,69570,6,69470,5,69560,5,347342,2.08E+06,5765,0,0
20210623,cu2201,21:01:13,500,69570,6,69500,8,69550,8,347342,2.08E+06,5765,0,0
20210623,cu2201,21:01:19,500,69570,6,69490,1,69550,1,347342,2.08E+06,5765,0,0
20210623,cu2201,21:01:25,500,69570,6,69490,3,69550,3,347342,2.08E+06,5765,0,0
20210623,cu2201,21:01:30,0,69570,6,69490,3,69550,3,347342,2.08E+06,5765,0,0
20210623,cu2201,21:01:34,500,69570,6,69500,10,69580,10,347342,2.08E+06,5765,0,0
20210623,cu2201,21:01:38,0,69570,6,69520,1,69580,1,347342,2.08E+06,5765,0,0
20210623,cu2201,21:01:42,0,69570,6,69520,2,69580,2,347342,2.08E+06,5765,0,0
20210623,cu2201,21:01:45,500,69570,6,69520,2,69570,2,347342,2.08E+06,5765,0,0
20210623,cu2201,21:01:50,500,69570,6,69520,2,69570,2,347342,2.08E+06,5765,0,0
20210623,cu2201,21:01:54,0,69570,6,69520,2,69590,2,347342,2.08E+06,5765,0,0
20210623,cu2201,21:01:56,500,69570,6,69530,10,69580,10,347342,2.08E+06,5765,0,0
20210623,cu2201,21:02:02,0,69570,6,69520,2,69580,2,347342,2.08E+06,5765,0,0
20210623,cu2201,21:02:07,0,69570,6,69520,2,69580,2,347342,2.08E+06,5765,0,0
20210623,cu2201,21:02:11,500,69570,6,69530,8,69580,8,347342,2.08E+06,5765,0,0
20210623,cu2201,21:02:16,0,69570,6,69540,3,69600,3,347342,2.08E+06,5765,0,0
20210623,cu2201,21:02:18,500,69570,6,69540,1,69590,1,347342,2.08E+06,5765,0,0
20210623,cu2201,21:02:29,500,69570,6,69540,1,69590,1,347342,2.08E+06,5765,0,0
20210623,cu2201,21:02:35,500,69570,6,69560,2,69620,2,347342,2.08E+06,5765,0,0
20210623,cu2201,21:02:40,500,69570,6,69570,1,69620,1,347342,2.08E+06,5765,0,0
20210623,cu2201,21:02:45,0,69570,6,69570,2,69610,2,347342,2.08E+06,5765,0,0
20210623,cu2201,21:02:55,0,69570,6,69570,1,69610,1,347342,2.08E+06,5765,0,0
20210623,cu2201,21:03:02,0,69570,6,69560,1,69610,1,347342,2.08E+06,5765,0,0
20210623,cu2201,21:03:04,500,69570,6,69480,10,69600,10,347342,2.08E+06,5765,0,0
20210623,cu2201,21:03:06,500,69570,6,69530,1,69580,1,347342,2.08E+06,5765,0,0
20210623,cu2201,21:03:12,500,69570,6,69520,1,69570,1,347342,2.08E+06,5765,0,0
20210623,cu2201,21:03:19,500,69570,6,69490,2,69570,2,347342,2.08E+06,5765,0,0
20210623,cu2201,21:03:22,500,69570,6,69490,2,69570,2,347342,2.08E+06,5765,0,0
20210623,cu2201,21:03:28,0,69570,6,69500,1,69560,1,347342,2.08E+06,5765,0,0
20210623,cu2201,21:03:31,0,69570,6,69500,1,69550,1,347342,2.08E+06,5765,0,0
20210623,cu2201,21:03:37,500,69570,6,69490,1,69550,1,347342,2.08E+06,5765,0,0
20210623,cu2201,21:03:40,500,69570,6,69480,1,69550,1,347342,2.08E+06,5765,0,0
20210623,cu2201,21:03:42,500,69570,6,69480,1,69550,1,347342,2.08E+06,5765,0,0
20210623,cu2201,21:03:48,500,69570,6,69490,2,69550,2,347342,2.08E+06,5765,0,0
20210623,cu2201,21:03:50,500,69570,6,69500,1,69550,1,347342,2.08E+06,5765,0,0
20210623,cu2201,21:03:54,500,69570,6,69500,2,69550,2,347342,2.08E+06,5765,0,0
20210623,cu2201,21:03:57,0,69570,6,69500,1,69550,1,347342,2.08E+06,5765,0,0
20210623,cu2201,21:04:00,0,69570,6,69500,1,69550,1,347342,2.08E+06,5765,0,0
20210623,cu2201,21:04:06,0,69570,6,69490,1,69530,1,347342,2.08E+06,5765,0,0
20210623,cu2201,21:04:08,0,69570,6,69460,1,69520,1,347342,2.08E+06,5765,0,0
20210623,cu2201,21:04:10,0,69570,6,69460,1,69510,1,347342,2.08E+06,5765,0,0
20210623,cu2201,21:04:12,0,69570,6,69460,1,69520,1,347342,2.08E+06,5765,0,0
20210623,cu2201,21:04:15,0,69460,7,69460,1,69520,1,347336,2.43E+06,5766,0,0
20210623,cu2201,21:04:17,500,69460,7,69470,1,69520,1,347336,2.43E+06,5766,0,0
20210623,cu2201,21:04:20,500,69460,7,69470,1,69520,1,347336,2.43E+06,5766,0,0
20210623,cu2201,21:04:25,0,69460,7,69470,1,69520,1,347336,2.43E+06,5766,0,0
20210623,cu2201,21:04:28,0,69460,7,69490,1,69570,1,347336,2.43E+06,5766,0,0
20210623,cu2201,21:04:30,0,69460,7,69490,1,69560,1,347336,2.43E+06,5766,0,0
20210623,cu2201,21:04:33,0,69460,7,69480,5,69500,5,347336,2.43E+06,5766,0,0
20210623,cu2201,21:04:35,0,69500,8,69500,2,69550,2,347356,2.78E+06,5766,0,0
20210623,cu2201,21:04:39,500,69500,8,69500,1,69550,1,347356,2.78E+06,5766,0,0
20210623,cu2201,21:04:46,0,69500,8,69500,1,69550,1,347356,2.78E+06,5766,0,0
20210623,cu2201,21:04:50,0,69500,8,69500,1,69550,1,347356,2.78E+06,5766,0,0
20210623,cu2201,21:04:53,0,69500,8,69500,1,69550,1,347356,2.78E+06,5766,0,0
20210623,cu2201,21:04:57,0,69500,8,69500,1,69550,1,347356,2.78E+06,5766,0,0
20210623,cu2201,21:04:59,0,69500,8,69500,1,69550,1,347356,2.78E+06,5766,0,0
20210623,cu2201,21:05:02,500,69500,8,69500,1,69550,1,347356,2.78E+06,5766,0,0
20210623,cu2201,21:05:10,500,69500,8,69500,1,69550,1,347356,2.78E+06,5766,0,0
20210623,cu2201,21:05:16,500,69500,8,69530,1,69570,1,347356,2.78E+06,5766,0,0
20210623,cu2201,21:05:27,500,69500,8,69510,9,69560,9,347356,2.78E+06,5766,0,0
20210623,cu2201,21:05:30,0,69500,8,69510,9,69560,9,347356,2.78E+06,5766,0,0
20210623,cu2201,21:05:41,0,69500,8,69510,9,69570,9,347356,2.78E+06,5766,0,0
20210623,cu2201,21:05:43,500,69500,8,69530,1,69560,1,347356,2.78E+06,5766,0,0
20210623,cu2201,21:05:53,0,69570,9,69530,1,69570,1,347411,3.13E+06,5766,0,0
20210623,cu2201,21:05:56,500,69570,9,69540,11,69570,11,347411,3.13E+06,5766,0,0
20210623,cu2201,21:06:00,0,69570,9,69560,1,69570,1,347411,3.13E+06,5766,0,0
20210623,cu2201,21:06:02,0,69570,9,69550,1,69570,1,347411,3.13E+06,5766,0,0
20210623,cu2201,21:06:06,0,69570,9,69530,1,69550,1,347411,3.13E+06,5766,0,0
20210623,cu2201,21:06:08,500,69550,11,69520,1,69560,1,347464,3.82E+06,5766,0,0
20210623,cu2201,21:06:12,0,69550,11,69470,2,69560,2,347464,3.82E+06,5766,0,0
20210623,cu2201,21:06:14,0,69550,11,69490,7,69560,7,347464,3.82E+06,5766,0,0
20210623,cu2201,21:06:16,500,69550,11,69500,1,69560,1,347464,3.82E+06,5766,0,0
20210623,cu2201,21:06:18,500,69550,11,69500,1,69560,1,347464,3.82E+06,5766,0,0
20210623,cu2201,21:06:21,500,69550,11,69490,1,69550,1,347464,3.82E+06,5766,0,0
20210623,cu2201,21:06:23,500,69550,11,69420,1,69550,1,347464,3.82E+06,5766,0,0
20210623,cu2201,21:06:25,500,69550,11,69480,1,69520,1,347464,3.82E+06,5766,0,0
20210623,cu2201,21:06:27,500,69550,11,69490,1,69520,1,347464,3.82E+06,5766,0,0
20210623,cu2201,21:06:43,500,69550,11,69470,1,69520,1,347464,3.82E+06,5766,0,0
20210623,cu2201,21:06:51,0,69550,11,69460,2,69520,2,347464,3.82E+06,5766,0,0
20210623,cu2201,21:06:53,0,69550,11,69470,1,69520,1,347464,3.82E+06,5766,0,0
20210623,cu2201,21:06:55,0,69550,11,69480,1,69520,1,347464,3.82E+06,5766,0,0
20210623,cu2201,21:06:59,0,69550,11,69460,1,69520,1,347464,3.82E+06,5766,0,0
20210623,cu2201,21:07:05,500,69550,11,69470,1,69520,1,347464,3.82E+06,5766,0,0
20210623,cu2201,21:07:14,0,69550,11,69480,1,69520,1,347464,3.82E+06,5766,0,0
20210623,cu2201,21:07:18,500,69550,11,69480,1,69520,1,347464,3.82E+06,5766,0,0
20210623,cu2201,21:07:24,0,69550,11,69500,1,69520,1,347464,3.82E+06,5766,0,0
20210623,cu2201,21:07:26,0,69550,11,69450,2,69520,2,347464,3.82E+06,5766,0,0
20210623,cu2201,21:07:31,500,69510,14,69460,2,69530,2,347489,4.86E+06,5767,0,0
20210623,cu2201,21:07:34,0,69510,14,69470,2,69520,2,347489,4.86E+06,5767,0,0
20210623,cu2201,21:07:43,500,69510,14,69470,2,69540,2,347489,4.86E+06,5767,0,0
20210623,cu2201,21:07:52,500,69510,14,69490,1,69540,1,347489,4.86E+06,5767,0,0
20210623,cu2201,21:07:56,500,69510,14,69510,2,69560,2,347489,4.86E+06,5767,0,0
20210623,cu2201,21:08:05,500,69510,14,69520,4,69570,4,347489,4.86E+06,5767,0,0
20210623,cu2201,21:08:26,500,69510,14,69540,2,69570,2,347489,4.86E+06,5767,0,0
20210623,cu2201,21:08:45,0,69510,14,69530,2,69570,2,347489,4.86E+06,5767,0,0
20210623,cu2201,21:09:04,500,69510,14,69540,4,69570,4,347489,4.86E+06,5767,0,0
20210623,cu2201,21:09:09,500,69510,14,69520,3,69570,3,347489,4.86E+06,5767,0,0
20210623,cu2201,21:09:15,0,69510,14,69550,2,69570,2,347489,4.86E+06,5767,0,0
20210623,cu2201,21:09:38,500,69510,14,69550,2,69570,2,347489,4.86E+06,5767,0,0
20210623,cu2201,21:09:41,500,69510,14,69360,1,69570,1,347489,4.86E+06,5767,0,0
20210623,cu2201,21:09:43,500,69510,14,69510,1,69570,1,347489,4.86E+06,5767,0,0
20210623,cu2201,21:09:46,0,69510,14,69500,8,69570,8,347489,4.86E+06,5767,0,0
20210623,cu2201,21:09:50,0,69510,14,69480,6,69570,6,347489,4.86E+06,5767,0,0
20210623,cu2201,21:09:53,0,69510,14,69500,2,69570,2,347489,4.86E+06,5767,0,0
20210623,cu2201,21:09:55,500,69510,14,69470,1,69560,1,347489,4.86E+06,5767,0,0
20210623,cu2201,21:09:58,0,69510,14,69470,1,69560,1,347489,4.86E+06,5767,0,0
20210623,cu2201,21:10:07,0,69510,14,69470,1,69560,1,347489,4.86E+06,5767,0,0
20210623,cu2201,21:10:12,0,69510,14,69490,4,69570,4,347489,4.86E+06,5767,0,0
20210623,cu2201,21:10:19,500,69510,14,69490,4,69570,4,347489,4.86E+06,5767,0,0
20210623,cu2201,21:10:25,500,69510,14,69500,1,69570,1,347489,4.86E+06,5767,0,0
20210623,cu2201,21:10:34,0,69510,14,69500,3,69570,3,347489,4.86E+06,5767,0,0
20210623,cu2201,21:10:36,500,69510,14,69490,4,69570,4,347489,4.86E+06,5767,0,0
20210623,cu2201,21:10:40,500,69510,14,69500,2,69570,2,347489,4.86E+06,5767,0,0
20210623,cu2201,21:10:44,500,69510,14,69490,4,69560,4,347489,4.86E+06,5767,0,0
20210623,cu2201,21:10:49,0,69510,14,69490,2,69550,2,347489,4.86E+06,5767,0,0
20210623,cu2201,21:11:04,500,69510,14,69490,2,69570,2,347489,4.86E+06,5767,0,0
20210623,cu2201,21:11:18,0,69510,14,69490,2,69560,2,347489,4.86E+06,5767,0,0
20210623,cu2201,21:11:33,500,69510,14,69490,2,69570,2,347489,4.86E+06,5767,0,0
20210623,cu2201,21:11:38,0,69510,14,69420,1,69550,1,347489,4.86E+06,5767,0,0
20210623,cu2201,21:11:41,500,69510,14,69470,2,69550,2,347489,4.86E+06,5767,0,0
20210623,cu2201,21:11:53,0,69510,14,69470,2,69550,2,347489,4.86E+06,5767,0,0
20210623,cu2201,21:11:57,0,69510,14,69470,2,69550,2,347489,4.86E+06,5767,0,0
20210623,cu2201,21:12:01,0,69510,14,69470,2,69550,2,347489,4.86E+06,5767,0,0
20210623,cu2201,21:12:10,0,69510,14,69450,3,69560,3,347489,4.86E+06,5767,0,0
20210623,cu2201,21:12:13,500,69510,14,69460,5,69550,5,347489,4.86E+06,5767,0,0
20210623,cu2201,21:12:19,0,69510,14,69460,4,69540,4,347489,4.86E+06,5767,0,0
20210623,cu2201,21:12:22,500,69510,14,69460,4,69550,4,347489,4.86E+06,5767,0,0
20210623,cu2201,21:12:28,500,69510,14,69480,2,69550,2,347489,4.86E+06,5767,0,0
20210623,cu2201,21:12:32,0,69490,15,69460,2,69530,2,347487,5.21E+06,5767,0,0
20210623,cu2201,21:12:34,0,69490,15,69460,1,69530,1,347487,5.21E+06,5767,0,0
20210623,cu2201,21:12:41,500,69490,15,69340,1,69530,1,347487,5.21E+06,5767,0,0
20210623,cu2201,21:12:43,500,69490,15,69440,2,69520,2,347487,5.21E+06,5767,0,0
20210623,cu2201,21:12:45,500,69490,15,69470,2,69530,2,347487,5.21E+06,5767,0,0
20210623,cu2201,21:12:55,0,69490,15,69470,1,69530,1,347487,5.21E+06,5767,0,0
20210623,cu2201,21:13:02,0,69490,15,69470,1,69530,1,347487,5.21E+06,5767,0,0
20210623,cu2201,21:13:05,0,69490,15,69470,1,69500,1,347487,5.21E+06,5767,0,0
20210623,cu2201,21:13:13,0,69500,16,69470,1,69540,1,347488,5.56E+06,5766,0,0
20210623,cu2201,21:13:23,500,69510,17,69510,1,69560,1,347491,5.91E+06,5767,0,0
20210623,cu2201,21:13:25,500,69510,17,69510,1,69550,1,347491,5.91E+06,5767,0,0
20210623,cu2201,21:13:33,0,69510,17,69510,1,69570,1,347491,5.91E+06,5767,0,0
20210623,cu2201,21:13:37,500,69510,17,69510,1,69570,1,347491,5.91E+06,5767,0,0
20210623,cu2201,21:13:45,0,69510,17,69510,1,69570,1,347491,5.91E+06,5767,0,0
20210623,cu2201,21:13:54,500,69570,18,69530,1,69570,1,347511,6.26E+06,5767,0,0
20210623,cu2201,21:14:01,500,69570,18,69400,1,69560,1,347511,6.26E+06,5767,0,0
20210623,cu2201,21:14:04,0,69570,18,69510,1,69560,1,347511,6.26E+06,5767,0,0
20210623,cu2201,21:14:18,500,69570,18,69520,2,69560,2,347511,6.26E+06,5767,0,0
20210623,cu2201,21:14:22,0,69570,18,69530,3,69560,3,347511,6.26E+06,5767,0,0
20210623,cu2201,21:14:34,0,69570,18,69520,3,69560,3,347511,6.26E+06,5767,0,0
20210623,cu2201,21:14:43,500,69570,18,69540,1,69560,1,347511,6.26E+06,5767,0,0
20210623,cu2201,21:14:45,500,69570,18,69530,4,69560,4,347511,6.26E+06,5767,0,0
20210623,cu2201,21:14:52,0,69570,18,69530,4,69570,4,347511,6.26E+06,5767,0,0
20210623,cu2201,21:15:05,500,69570,21,69550,1,69570,1,347560,7.30E+06,5770,0,0
20210623,cu2201,21:15:09,0,69570,22,69570,1,69580,1,347573,7.65E+06,5770,0,0
20210623,cu2201,21:15:20,0,69570,23,69580,1,69590,1,347585,7.99E+06,5770,0,0
20210623,cu2201,21:15:24,500,69590,25,69590,3,69670,3,347614,8.69E+06,5769,0,0
20210623,cu2201,21:15:27,0,69590,26,69610,1,69660,1,347627,9.04E+06,5769,0,0
20210623,cu2201,21:15:29,0,69590,26,69570,5,69660,5,347627,9.04E+06,5769,0,0
20210623,cu2201,21:15:36,500,69590,26,69590,1,69660,1,347627,9.04E+06,5769,0,0
20210623,cu2201,21:15:39,0,69590,26,69590,2,69660,2,347627,9.04E+06,5769,0,0
20210623,cu2201,21:15:43,0,69590,26,69600,2,69660,2,347627,9.04E+06,5769,0,0
20210623,cu2201,21:16:05,0,69590,26,69600,1,69670,1,347627,9.04E+06,5769,0,0
20210623,cu2201,21:16:15,500,69590,26,69620,1,69660,1,347627,9.04E+06,5769,0,0
20210623,cu2201,21:16:22,500,69590,26,69600,2,69670,2,347627,9.04E+06,5769,0,0
20210623,cu2201,21:16:31,500,69590,26,69620,3,69660,3,347627,9.04E+06,5769,0,0
20210623,cu2201,21:16:44,500,69590,26,69600,1,69670,1,347627,9.04E+06,5769,0,0
20210623,cu2201,21:17:13,0,69590,26,69620,3,69670,3,347627,9.04E+06,5769,0,0
20210623,cu2201,21:17:18,0,69590,26,69640,6,69670,6,347627,9.04E+06,5769,0,0
20210623,cu2201,21:17:20,0,69590,26,69600,2,69670,2,347627,9.04E+06,5769,0,0
20210623,cu2201,21:17:35,500,69600,28,69600,1,69670,1,347654,9.73E+06,5768,0,0
20210623,cu2201,21:17:49,500,69600,28,69590,6,69660,6,347654,9.73E+06,5768,0,0
20210623,cu2201,21:17:51,500,69600,28,69590,6,69670,6,347654,9.73E+06,5768,0,0
20210623,cu2201,21:18:02,0,69600,28,69600,1,69670,1,347654,9.73E+06,5768,0,0
20210623,cu2201,21:18:05,0,69600,28,69630,6,69680,6,347654,9.73E+06,5768,0,0
20210623,cu2201,21:18:07,500,69600,28,69640,1,69880,1,347654,9.73E+06,5768,0,0
20210623,cu2201,21:18:10,500,69600,28,69640,1,69710,1,347654,9.73E+06,5768,0,0
20210623,cu2201,21:18:15,500,69600,28,69630,6,69710,6,347654,9.73E+06,5768,0,0
20210623,cu2201,21:18:19,500,69600,28,69640,1,69690,1,347654,9.73E+06,5768,0,0
20210623,cu2201,21:18:23,0,69600,28,69610,4,69690,4,347654,9.73E+06,5768,0,0
20210623,cu2201,21:18:28,500,69600,28,69600,1,69680,1,347654,9.73E+06,5768,0,0
20210623,cu2201,21:18:32,0,69600,28,69610,2,69670,2,347654,9.73E+06,5768,0,0
20210623,cu2201,21:18:34,0,69600,28,69600,1,69660,1,347654,9.73E+06,5768,0,0
20210623,cu2201,21:19:01,0,69600,28,69600,1,69660,1,347654,9.73E+06,5768,0,0
20210623,cu2201,21:19:04,500,69600,28,69560,1,69650,1,347654,9.73E+06,5768,0,0
20210623,cu2201,21:19:10,0,69600,28,69570,2,69660,2,347654,9.73E+06,5768,0,0
20210623,cu2201,21:19:14,500,69600,28,69580,2,69660,2,347654,9.73E+06,5768,0,0
20210623,cu2201,21:19:19,500,69600,28,69580,2,69660,2,347654,9.73E+06,5768,0,0
20210623,cu2201,21:19:26,500,69600,28,69580,1,69660,1,347654,9.73E+06,5768,0,0
20210623,cu2201,21:19:38,0,69600,28,69590,2,69660,2,347654,9.73E+06,5768,0,0
20210623,cu2201,21:19:40,0,69600,28,69610,1,69680,1,347654,9.73E+06,5768,0,0
20210623,cu2201,21:19:45,0,69600,28,69590,2,69680,2,347654,9.73E+06,5768,0,0
20210623,cu2201,21:19:50,500,69600,28,69590,2,69670,2,347654,9.73E+06,5768,0,0
20210623,cu2201,21:19:54,0,69600,28,69570,3,69670,3,347654,9.73E+06,5768,0,0
20210623,cu2201,21:19:57,0,69600,28,69570,3,69680,3,347654,9.73E+06,5768,0,0
20210623,cu2201,21:20:00,500,69600,28,69580,1,69650,1,347654,9.73E+06,5768,0,0
20210623,cu2201,21:20:15,500,69600,28,69600,1,69650,1,347654,9.73E+06,5768,0,0
20210623,cu2201,21:20:21,0,69600,28,69610,2,69670,2,347654,9.73E+06,5768,0,0
20210623,cu2201,21:20:36,500,69600,28,69610,2,69670,2,347654,9.73E+06,5768,0,0
20210623,cu2201,21:20:43,0,69600,28,69610,2,69670,2,347654,9.73E+06,5768,0,0
20210623,cu2201,21:20:48,500,69600,28,69600,1,69670,1,347654,9.73E+06,5768,0,0
20210623,cu2201,21:20:56,0,69600,28,69610,1,69670,1,347654,9.73E+06,5768,0,0
20210623,cu2201,21:21:17,500,69600,28,69630,1,69670,1,347654,9.73E+06,5768,0,0
20210623,cu2201,21:21:21,0,69600,28,69630,1,69670,1,347654,9.73E+06,5768,0,0
20210623,cu2201,21:22:10,0,69600,28,69640,1,69720,1,347654,9.73E+06,5768,0,0
20210623,cu2201,21:22:12,0,69600,28,69640,1,69700,1,347654,9.73E+06,5768,0,0
20210623,cu2201,21:22:33,500,69600,28,69650,2,69700,2,347654,9.73E+06,5768,0,0
20210623,cu2201,21:22:37,0,69600,28,69660,1,69700,1,347654,9.73E+06,5768,0,0
20210623,cu2201,21:22:43,0,69600,28,69600,1,69690,1,347654,9.73E+06,5768,0,0
20210623,cu2201,21:23:16,500,69600,28,69620,1,69690,1,347654,9.73E+06,5768,0,0
20210623,cu2201,21:23:28,500,69600,28,69610,2,69680,2,347654,9.73E+06,5768,0,0
20210623,cu2201,21:23:37,0,69600,28,69600,1,69680,1,347654,9.73E+06,5768,0,0
20210623,cu2201,21:23:39,0,69600,28,69600,1,69660,1,347654,9.73E+06,5768,0,0
20210623,cu2201,21:23:42,500,69600,28,69600,1,69660,1,347654,9.73E+06,5768,0,0
20210623,cu2201,21:23:51,500,69600,28,69600,1,69660,1,347654,9.73E+06,5768,0,0
20210623,cu2201,21:23:57,0,69600,28,69620,2,69660,2,347654,9.73E+06,5768,0,0
20210623,cu2201,21:24:02,0,69600,28,69560,3,69660,3,347654,9.73E+06,5768,0,0
20210623,cu2201,21:24:06,0,69600,28,69570,2,69660,2,347654,9.73E+06,5768,0,0
20210623,cu2201,21:24:13,500,69600,28,69570,1,69660,1,347654,9.73E+06,5768,0,0
20210623,cu2201,21:24:16,500,69600,28,69580,1,69650,1,347654,9.73E+06,5768,0,0
20210623,cu2201,21:24:30,0,69600,28,69570,1,69650,1,347654,9.73E+06,5768,0,0
20210623,cu2201,21:24:32,500,69600,28,69560,2,69630,2,347654,9.73E+06,5768,0,0
20210623,cu2201,21:24:37,500,69600,28,69570,1,69630,1,347654,9.73E+06,5768,0,0
20210623,cu2201,21:25:11,500,69600,28,69580,1,69670,1,347654,9.73E+06,5768,0,0
20210623,cu2201,21:25:27,0,69600,28,69620,2,69670,2,347654,9.73E+06,5768,0,0
20210623,cu2201,21:25:41,500,69600,28,69630,2,69670,2,347654,9.73E+06,5768,0,0
20210623,cu2201,21:26:01,500,69600,28,69630,2,69670,2,347654,9.73E+06,5768,0,0
20210623,cu2201,21:26:16,500,69600,28,69660,2,69680,2,347654,9.73E+06,5768,0,0
20210623,cu2201,21:26:18,500,69600,28,69660,2,69720,2,347654,9.73E+06,5768,0,0
20210623,cu2201,21:26:40,0,69600,28,69660,2,69720,2,347654,9.73E+06,5768,0,0
20210623,cu2201,21:26:45,500,69600,28,69670,1,69720,1,347654,9.73E+06,5768,0,0
20210623,cu2201,21:26:48,0,69600,28,69660,2,69710,2,347654,9.73E+06,5768,0,0
20210623,cu2201,21:26:51,0,69600,28,69660,2,69720,2,347654,9.73E+06,5768,0,0
20210623,cu2201,21:26:55,500,69600,28,69660,2,69720,2,347654,9.73E+06,5768,0,0
20210623,cu2201,21:27:01,500,69600,28,69670,1,69710,1,347654,9.73E+06,5768,0,0
20210623,cu2201,21:27:06,500,69600,28,69690,2,69720,2,347654,9.73E+06,5768,0,0
20210623,cu2201,21:27:16,500,69600,28,69700,4,69720,4,347654,9.73E+06,5768,0,0
20210623,cu2201,21:27:24,500,69600,28,69700,2,69720,2,347654,9.73E+06,5768,0,0
20210623,cu2201,21:28:00,0,69720,29,69720,4,69780,4,347686,1.01E+07,5768,0,0
20210623,cu2201,21:28:08,0,69720,29,69690,4,69770,4,347686,1.01E+07,5768,0,0
20210623,cu2201,21:28:15,0,69720,29,69690,4,69740,4,347686,1.01E+07,5768,0,0
20210623,cu2201,21:28:21,500,69720,29,69690,4,69710,4,347686,1.01E+07,5768,0,0
20210623,cu2201,21:28:25,0,69720,29,69670,2,69710,2,347686,1.01E+07,5768,0,0
20210623,cu2201,21:28:27,500,69720,29,69640,1,69720,1,347686,1.01E+07,5768,0,0
20210623,cu2201,21:28:32,0,69720,29,69670,1,69710,1,347686,1.01E+07,5768,0,0
20210623,cu2201,21:28:40,0,69720,29,69670,1,69710,1,347686,1.01E+07,5768,0,0
20210623,cu2201,21:28:46,500,69720,29,69650,1,69710,1,347686,1.01E+07,5768,0,0
20210623,cu2201,21:28:59,500,69720,29,69640,1,69700,1,347686,1.01E+07,5768,0,0
20210623,cu2201,21:29:25,0,69720,29,69640,1,69700,1,347686,1.01E+07,5768,0,0
20210623,cu2201,21:29:34,0,69720,29,69640,1,69700,1,347686,1.01E+07,5768,0,0
20210623,cu2201,21:29:36,0,69700,30,69670,1,69760,1,347713,1.04E+07,5768,0,0
20210623,cu2201,21:29:38,500,69700,30,69670,1,69760,1,347713,1.04E+07,5768,0,0
20210623,cu2201,21:29:41,0,69700,30,69680,1,69760,1,347713,1.04E+07,5768,0,0
20210623,cu2201,21:29:43,0,69700,30,69690,1,69750,1,347713,1.04E+07,5768,0,0
20210623,cu2201,21:29:45,0,69690,31,69670,1,69760,1,347737,1.08E+07,5767,0,0
20210623,cu2201,21:29:48,0,69690,31,69680,1,69760,1,347737,1.08E+07,5767,0,0
20210623,cu2201,21:30:00,500,69690,31,69700,1,69760,1,347737,1.08E+07,5767,0,0
20210623,cu2201,21:30:02,500,69690,31,69720,1,69800,1,347737,1.08E+07,5767,0,0
20210623,cu2201,21:30:05,500,69690,31,69730,1,69800,1,347737,1.08E+07,5767,0,0
20210623,cu2201,21:30:09,500,69690,31,69690,2,69760,2,347737,1.08E+07,5767,0,0
20210623,cu2201,21:30:13,500,69690,31,69690,1,69760,1,347737,1.08E+07,5767,0,0
20210623,cu2201,21:30:21,500,69690,31,69690,1,69770,1,347737,1.08E+07,5767,0,0
20210623,cu2201,21:30:36,500,69690,31,69700,3,69770,3,347737,1.08E+07,5767,0,0
20210623,cu2201,21:30:42,500,69690,31,69710,1,69810,1,347737,1.08E+07,5767,0,0
20210623,cu2201,21:30:45,500,69690,31,69710,1,69810,1,347737,1.08E+07,5767,0,0
20210623,cu2201,21:30:49,500,69690,31,69710,2,69810,2,347737,1.08E+07,5767,0,0
20210623,cu2201,21:30:53,0,69690,31,69700,4,69800,4,347737,1.08E+07,5767,0,0
20210623,cu2201,21:30:55,0,69690,31,69740,1,69810,1,347737,1.08E+07,5767,0,0
20210623,cu2201,21:31:03,500,69690,31,69750,2,69810,2,347737,1.08E+07,5767,0,0
20210623,cu2201,21:31:29,500,69690,31,69750,2,69810,2,347737,1.08E+07,5767,0,0
20210623,cu2201,21:31:32,0,69810,32,69790,2,69840,2,347778,1.11E+07,5767,0,0
20210623,cu2201,21:31:34,500,69810,32,69700,3,69830,3,347778,1.11E+07,5767,0,0
20210623,cu2201,21:31:36,500,69810,32,69790,2,69840,2,347778,1.11E+07,5767,0,0
20210623,cu2201,21:31:43,0,69840,34,69790,3,69860,3,347862,1.18E+07,5766,0,0
20210623,cu2201,21:31:47,0,69840,34,69800,1,69860,1,347862,1.18E+07,5766,0,0
20210623,cu2201,21:31:50,500,69840,34,69820,2,69850,2,347862,1.18E+07,5766,0,0
20210623,cu2201,21:31:57,500,69850,36,69830,2,69860,2,347939,1.25E+07,5764,0,0
20210623,cu2201,21:32:09,500,69850,36,69820,2,69860,2,347939,1.25E+07,5764,0,0
20210623,cu2201,21:32:17,500,69850,36,69820,2,69860,2,347939,1.25E+07,5764,0,0
20210623,cu2201,21:32:35,500,69850,36,69830,2,69860,2,347939,1.25E+07,5764,0,0
20210623,cu2201,21:32:51,0,69860,37,69830,2,69900,2,347976,1.29E+07,5764,0,0
20210623,cu2201,21:32:53,0,69860,37,69850,2,69900,2,347976,1.29E+07,5764,0,0
20210623,cu2201,21:33:00,0,69860,38,69860,1,69890,1,348011,1.32E+07,5764,0,0
20210623,cu2201,21:33:17,500,69860,38,69820,1,69890,1,348011,1.32E+07,5764,0,0
20210623,cu2201,21:33:31,0,69860,38,69830,4,69890,4,348011,1.32E+07,5764,0,0
20210623,cu2201,21:33:39,500,69860,38,69840,1,69890,1,348011,1.32E+07,5764,0,0
20210623,cu2201,21:34:03,500,69890,39,69840,1,69900,1,348047,1.36E+07,5763,0,0
20210623,cu2201,21:34:12,0,69890,39,69860,3,69900,3,348047,1.36E+07,5763,0,0
20210623,cu2201,21:34:18,0,69890,39,69860,2,69900,2,348047,1.36E+07,5763,0,0
20210623,cu2201,21:34:21,0,69900,40,69860,2,69940,2,348084,1.39E+07,5763,0,0
20210623,cu2201,21:34:34,0,69900,40,69890,1,69920,1,348084,1.39E+07,5763,0,0
20210623,cu2201,21:34:38,0,69900,40,69870,1,69940,1,348084,1.39E+07,5763,0,0
20210623,cu2201,21:34:40,0,69900,40,69870,1,69940,1,348084,1.39E+07,5763,0,0
20210623,cu2201,21:34:51,500,69900,40,69890,2,69940,2,348084,1.39E+07,5763,0,0
20210623,cu2201,21:34:57,500,69900,40,69890,3,69970,3,348084,1.39E+07,5763,0,0
20210623,cu2201,21:35:02,0,69900,40,69920,2,69970,2,348084,1.39E+07,5763,0,0
20210623,cu2201,21:35:09,0,69900,40,69930,1,70000,1,348084,1.39E+07,5763,0,0
20210623,cu2201,21:35:11,500,69900,40,69920,2,70000,2,348084,1.39E+07,5763,0,0
20210623,cu2201,21:35:16,500,69900,40,69920,2,70000,2,348084,1.39E+07,5763,0,0
20210623,cu2201,21:35:23,500,69900,40,69940,1,70000,1,348084,1.39E+07,5763,0,0
20210623,cu2201,21:35:25,500,69900,40,69950,2,70000,2,348084,1.39E+07,5763,0,0
20210623,cu2201,21:35:31,0,69900,40,69950,2,70000,2,348084,1.39E+07,5763,0,0
20210623,cu2201,21:35:42,500,69900,40,69930,1,70000,1,348084,1.39E+07,5763,0,0
20210623,cu2201,21:35:54,0,69900,40,69950,1,70000,1,348084,1.39E+07,5763,0,0
20210623,cu2201,21:35:57,0,69900,40,69950,2,70000,2,348084,1.39E+07,5763,0,0
20210623,cu2201,21:36:11,500,69900,40,69960,2,70000,2,348084,1.39E+07,5763,0,0
20210623,cu2201,21:36:16,0,70000,41,69970,1,70000,1,348130,1.43E+07,5764,0,0
20210623,cu2201,21:36:19,0,70000,41,69970,3,70000,3,348130,1.43E+07,5764,0,0
20210623,cu2201,21:36:21,500,70000,42,69990,1,70040,1,348175,1.46E+07,5764,0,0
20210623,cu2201,21:36:24,500,70000,42,69990,1,70040,1,348175,1.46E+07,5764,0,0
20210623,cu2201,21:36:27,0,70000,42,70000,1,70050,1,348175,1.46E+07,5764,0,0
20210623,cu2201,21:36:29,0,70000,42,70020,1,70080,1,348175,1.46E+07,5764,0,0
20210623,cu2201,21:36:33,0,70000,42,70020,1,70080,1,348175,1.46E+07,5764,0,0
20210623,cu2201,21:36:48,500,70000,42,70020,1,70050,1,348175,1.46E+07,5764,0,0
20210623,cu2201,21:36:52,500,70050,43,69980,2,70040,2,348223,1.50E+07,5764,0,0
20210623,cu2201,21:37:02,0,70050,43,69980,2,70040,2,348223,1.50E+07,5764,0,0
20210623,cu2201,21:37:07,500,70050,43,69990,1,70060,1,348223,1.50E+07,5764,0,0
20210623,cu2201,21:37:20,0,70050,43,69980,2,70060,2,348223,1.50E+07,5764,0,0
20210623,cu2201,21:37:24,500,70050,43,69980,3,70040,3,348223,1.50E+07,5764,0,0
20210623,cu2201,21:37:26,500,70050,43,69980,2,70060,2,348223,1.50E+07,5764,0,0
20210623,cu2201,21:37:31,0,70050,43,70020,2,70060,2,348223,1.50E+07,5764,0,0
20210623,cu2201,21:37:37,0,70050,43,70020,2,70070,2,348223,1.50E+07,5764,0,0
20210623,cu2201,21:37:44,500,70050,43,70020,2,70070,2,348223,1.50E+07,5764,0,0
20210623,cu2201,21:37:47,500,70050,43,70020,2,70070,2,348223,1.50E+07,5764,0,0
20210623,cu2201,21:37:49,500,70070,45,70020,2,70070,2,348318,1.57E+07,5763,0,0
20210623,cu2201,21:37:57,500,70020,47,69970,1,70050,1,348394,1.64E+07,5765,0,0
20210623,cu2201,21:38:01,0,70020,47,69960,1,70050,1,348394,1.64E+07,5765,0,0
20210623,cu2201,21:38:06,0,70020,47,69960,1,70050,1,348394,1.64E+07,5765,0,0
20210623,cu2201,21:38:11,500,70020,47,69940,1,70030,1,348394,1.64E+07,5765,0,0
20210623,cu2201,21:38:15,0,70020,47,69920,2,70020,2,348394,1.64E+07,5765,0,0
20210623,cu2201,21:38:18,500,70020,47,69920,1,70020,1,348394,1.64E+07,5765,0,0
20210623,cu2201,21:38:21,0,70020,47,69900,2,70010,2,348394,1.64E+07,5765,0,0
20210623,cu2201,21:38:25,0,70020,47,69910,1,70010,1,348394,1.64E+07,5765,0,0
20210623,cu2201,21:38:30,0,70020,47,69920,2,70020,2,348394,1.64E+07,5765,0,0
20210623,cu2201,21:38:33,0,70020,47,69920,2,69990,2,348394,1.64E+07,5765,0,0
20210623,cu2201,21:38:38,500,70020,47,69940,1,70030,1,348394,1.64E+07,5765,0,0
20210623,cu2201,21:38:40,500,70020,47,69930,3,69980,3,348394,1.64E+07,5765,0,0
20210623,cu2201,21:38:43,0,70020,47,69950,2,70060,2,348394,1.64E+07,5765,0,0
20210623,cu2201,21:38:47,0,70020,47,69950,1,70040,1,348394,1.64E+07,5765,0,0
20210623,cu2201,21:38:50,0,70020,47,69950,3,70040,3,348394,1.64E+07,5765,0,0
20210623,cu2201,21:38:58,500,70020,47,69950,1,70030,1,348394,1.64E+07,5765,0,0
20210623,cu2201,21:39:05,0,70020,47,69960,2,70040,2,348394,1.64E+07,5765,0,0
20210623,cu2201,21:39:07,500,70020,47,69990,1,70050,1,348394,1.64E+07,5765,0,0
20210623,cu2201,21:39:13,0,70020,47,69990,1,70060,1,348394,1.64E+07,5765,0,0
20210623,cu2201,21:39:21,500,70020,47,69990,2,70050,2,348394,1.64E+07,5765,0,0
20210623,cu2201,21:39:25,0,70020,47,69980,1,70060,1,348394,1.64E+07,5765,0,0
20210623,cu2201,21:39:36,500,70020,47,69890,4,70060,4,348394,1.64E+07,5765,0,0
20210623,cu2201,21:39:39,0,70020,47,69960,2,70060,2,348394,1.64E+07,5765,0,0
20210623,cu2201,21:39:42,0,70020,47,69950,1,70050,1,348394,1.64E+07,5765,0,0
20210623,cu2201,21:39:46,0,70020,47,69930,4,70050,4,348394,1.64E+07,5765,0,0
20210623,cu2201,21:39:50,0,70020,47,69930,1,70030,1,348394,1.64E+07,5765,0,0
20210623,cu2201,21:39:52,0,70020,47,69930,1,70020,1,348394,1.64E+07,5765,0,0
20210623,cu2201,21:39:54,0,70020,47,69920,1,70020,1,348394,1.64E+07,5765,0,0
20210623,cu2201,21:39:56,500,70020,47,69920,1,70010,1,348394,1.64E+07,5765,0,0
20210623,cu2201,21:40:00,500,70020,47,69910,1,69980,1,348394,1.64E+07,5765,0,0
20210623,cu2201,21:40:07,0,70020,47,69920,2,69980,2,348394,1.64E+07,5765,0,0
20210623,cu2201,21:40:09,0,70020,47,69940,1,70040,1,348394,1.64E+07,5765,0,0
20210623,cu2201,21:40:14,500,70020,47,69930,2,70040,2,348394,1.64E+07,5765,0,0
20210623,cu2201,21:40:18,0,70020,47,69960,1,70040,1,348394,1.64E+07,5765,0,0
20210623,cu2201,21:40:20,500,70020,47,69960,1,70040,1,348394,1.64E+07,5765,0,0
20210623,cu2201,21:40:37,0,70020,47,69960,1,70040,1,348394,1.64E+07,5765,0,0
20210623,cu2201,21:40:40,500,70020,47,69960,4,70040,4,348394,1.64E+07,5765,0,0
20210623,cu2201,21:40:46,500,70020,47,69950,1,70040,1,348394,1.64E+07,5765,0,0
20210623,cu2201,21:40:50,500,70020,47,69930,1,70040,1,348394,1.64E+07,5765,0,0
20210623,cu2201,21:40:53,0,70020,47,69930,1,70040,1,348394,1.64E+07,5765,0,0
20210623,cu2201,21:40:57,0,70020,47,69930,1,70030,1,348394,1.64E+07,5765,0,0
20210623,cu2201,21:41:03,500,70020,47,69920,1,69990,1,348394,1.64E+07,5765,0,0
20210623,cu2201,21:41:11,0,70020,47,69930,1,69990,1,348394,1.64E+07,5765,0,0
20210623,cu2201,21:41:15,0,70020,47,69920,1,69990,1,348394,1.64E+07,5765,0,0
20210623,cu2201,21:41:17,500,70020,47,69930,1,69990,1,348394,1.64E+07,5765,0,0
20210623,cu2201,21:41:20,0,70020,47,69940,1,69990,1,348394,1.64E+07,5765,0,0
20210623,cu2201,21:41:30,500,70020,47,69940,2,69990,2,348394,1.64E+07,5765,0,0
20210623,cu2201,21:41:35,0,70020,47,69960,1,70040,1,348394,1.64E+07,5765,0,0
20210623,cu2201,21:41:37,0,70020,47,69970,2,70040,2,348394,1.64E+07,5765,0,0
20210623,cu2201,21:41:43,0,70020,47,69950,2,70040,2,348394,1.64E+07,5765,0,0
20210623,cu2201,21:41:45,0,70020,47,69960,2,70040,2,348394,1.64E+07,5765,0,0
20210623,cu2201,21:41:52,0,70020,47,69950,1,70040,1,348394,1.64E+07,5765,0,0
20210623,cu2201,21:41:59,0,70020,47,69910,6,70030,6,348394,1.64E+07,5765,0,0
20210623,cu2201,21:42:01,0,70020,47,69930,1,70030,1,348394,1.64E+07,5765,0,0
20210623,cu2201,21:42:05,0,70020,47,69930,1,70000,1,348394,1.64E+07,5765,0,0
20210623,cu2201,21:42:15,0,70020,47,69900,1,69960,1,348394,1.64E+07,5765,0,0
20210623,cu2201,21:42:20,500,70020,47,69890,1,69960,1,348394,1.64E+07,5765,0,0
20210623,cu2201,21:42:25,0,70020,47,69890,1,69960,1,348394,1.64E+07,5765,0,0
20210623,cu2201,21:42:29,0,70020,47,69880,1,69960,1,348394,1.64E+07,5765,0,0
20210623,cu2201,21:42:36,0,70020,47,69870,3,69960,3,348394,1.64E+07,5765,0,0
20210623,cu2201,21:42:44,0,70020,47,69870,2,69960,2,348394,1.64E+07,5765,0,0
20210623,cu2201,21:42:47,500,70020,47,69850,1,69950,1,348394,1.64E+07,5765,0,0
20210623,cu2201,21:42:49,500,70020,47,69850,3,69960,3,348394,1.64E+07,5765,0,0
20210623,cu2201,21:42:53,500,70020,47,69860,1,69950,1,348394,1.64E+07,5765,0,0
20210623,cu2201,21:42:57,0,70020,47,69880,2,69960,2,348394,1.64E+07,5765,0,0
20210623,cu2201,21:42:59,0,70020,47,69900,1,69960,1,348394,1.64E+07,5765,0,0
20210623,cu2201,21:43:03,500,70020,47,69910,1,69960,1,348394,1.64E+07,5765,0,0
20210623,cu2201,21:43:05,500,70020,47,69920,1,70020,1,348394,1.64E+07,5765,0,0
20210623,cu2201,21:43:10,500,70020,47,69930,2,70030,2,348394,1.64E+07,5765,0,0
20210623,cu2201,21:43:15,0,70020,47,69870,4,70020,4,348394,1.64E+07,5765,0,0
20210623,cu2201,21:43:17,0,70020,47,69900,1,70000,1,348394,1.64E+07,5765,0,0
20210623,cu2201,21:43:20,0,70020,47,69910,2,70000,2,348394,1.64E+07,5765,0,0
20210623,cu2201,21:43:31,0,70020,47,69930,1,70000,1,348394,1.64E+07,5765,0,0
20210623,cu2201,21:43:37,0,70020,47,69920,1,70000,1,348394,1.64E+07,5765,0,0
20210623,cu2201,21:43:40,500,70020,47,69910,1,70000,1,348394,1.64E+07,5765,0,0
20210623,cu2201,21:43:44,0,70020,47,69910,3,70000,3,348394,1.64E+07,5765,0,0
20210623,cu2201,21:43:49,500,70020,47,69940,1,70030,1,348394,1.64E+07,5765,0,0
20210623,cu2201,21:43:51,500,70020,47,69940,1,70030,1,348394,1.64E+07,5765,0,0
20210623,cu2201,21:44:02,0,70020,47,69950,1,70030,1,348394,1.64E+07,5765,0,0
20210623,cu2201,21:44:04,500,70020,47,69950,5,70030,5,348394,1.64E+07,5765,0,0
20210623,cu2201,21:44:14,0,70020,47,69950,2,70030,2,348394,1.64E+07,5765,0,0
20210623,cu2201,21:44:19,0,70020,47,69950,1,70030,1,348394,1.64E+07,5765,0,0
20210623,cu2201,21:44:21,500,70020,47,69950,1,70030,1,348394,1.64E+07,5765,0,0
20210623,cu2201,21:44:24,500,69970,48,69940,1,70030,1,348424,1.67E+07,5765,0,0
20210623,cu2201,21:44:30,0,69970,48,69960,2,70030,2,348424,1.67E+07,5765,0,0
20210623,cu2201,21:44:32,500,69970,48,69970,2,70030,2,348424,1.67E+07,5765,0,0
20210623,cu2201,21:44:35,0,69970,48,69980,1,70100,1,348424,1.67E+07,5765,0,0
20210623,cu2201,21:44:38,500,69970,48,69980,1,70100,1,348424,1.67E+07,5765,0,0
20210623,cu2201,21:44:40,500,69970,48,69990,2,70100,2,348424,1.67E+07,5765,0,0
20210623,cu2201,21:44:43,500,69970,48,70000,1,70100,1,348424,1.67E+07,5765,0,0
20210623,cu2201,21:44:50,500,70100,49,70010,1,70110,1,348466,1.71E+07,5766,0,0
20210623,cu2201,21:44:54,0,70100,49,70010,1,70100,1,348466,1.71E+07,5766,0,0
20210623,cu2201,21:45:00,500,70100,49,70010,1,70080,1,348466,1.71E+07,5766,0,0
20210623,cu2201,21:45:02,500,70100,49,70030,1,70080,1,348466,1.71E+07,5766,0,0
20210623,cu2201,21:45:05,500,70100,49,70030,2,70150,2,348466,1.71E+07,5766,0,0
20210623,cu2201,21:45:07,500,70100,49,70030,2,70110,2,348466,1.71E+07,5766,0,0
20210623,cu2201,21:45:10,500,70100,49,69960,2,70110,2,348466,1.71E+07,5766,0,0
20210623,cu2201,21:45:12,500,70100,49,70020,1,70110,1,348466,1.71E+07,5766,0,0
20210623,cu2201,21:45:15,500,70100,49,70020,1,70110,1,348466,1.71E+07,5766,0,0
20210623,cu2201,21:45:42,0,70100,49,70020,1,70110,1,348466,1.71E+07,5766,0,0
20210623,cu2201,21:45:47,500,70100,49,70010,1,70100,1,348466,1.71E+07,5766,0,0
20210623,cu2201,21:45:50,500,70100,49,70010,1,70100,1,348466,1.71E+07,5766,0,0
20210623,cu2201,21:45:52,500,70100,49,70010,1,70110,1,348466,1.71E+07,5766,0,0
20210623,cu2201,21:45:58,0,70100,49,70020,1,70110,1,348466,1.71E+07,5766,0,0
20210623,cu2201,21:46:07,500,70100,49,70020,1,70110,1,348466,1.71E+07,5766,0,0
20210623,cu2201,21:46:25,500,70100,49,70010,1,70110,1,348466,1.71E+07,5766,0,0
20210623,cu2201,21:46:32,500,70100,49,70010,1,70110,1,348466,1.71E+07,5766,0,0
20210623,cu2201,21:46:46,500,70100,49,70010,2,70110,2,348466,1.71E+07,5766,0,0
20210623,cu2201,21:46:51,500,70100,49,70010,2,70100,2,348466,1.71E+07,5766,0,0
20210623,cu2201,21:46:55,500,70100,49,69990,10,70100,10,348466,1.71E+07,5766,0,0
20210623,cu2201,21:47:02,500,70100,49,69990,11,70100,11,348466,1.71E+07,5766,0,0
20210623,cu2201,21:47:05,500,70100,49,70030,1,70100,1,348466,1.71E+07,5766,0,0
20210623,cu2201,21:47:08,500,70100,49,70030,1,70110,1,348466,1.71E+07,5766,0,0
20210623,cu2201,21:47:18,500,70100,49,70050,1,70110,1,348466,1.71E+07,5766,0,0
20210623,cu2201,21:47:21,0,70100,49,70020,2,70110,2,348466,1.71E+07,5766,0,0
20210623,cu2201,21:47:30,0,70100,49,70050,1,70110,1,348466,1.71E+07,5766,0,0
20210623,cu2201,21:47:38,0,70100,49,70030,2,70110,2,348466,1.71E+07,5766,0,0
20210623,cu2201,21:47:41,0,70100,49,70030,4,70110,4,348466,1.71E+07,5766,0,0
20210623,cu2201,21:47:46,500,70100,49,70050,3,70110,3,348466,1.71E+07,5766,0,0
20210623,cu2201,21:47:49,500,70100,49,70050,1,70100,1,348466,1.71E+07,5766,0,0
20210623,cu2201,21:47:53,500,70100,49,70030,4,70110,4,348466,1.71E+07,5766,0,0
20210623,cu2201,21:47:58,500,70100,49,70030,3,70110,3,348466,1.71E+07,5766,0,0
20210623,cu2201,21:48:07,0,70100,49,70030,3,70110,3,348466,1.71E+07,5766,0,0
20210623,cu2201,21:48:14,0,70100,49,70040,1,70110,1,348466,1.71E+07,5766,0,0
20210623,cu2201,21:48:21,0,70100,49,70030,1,70110,1,348466,1.71E+07,5766,0,0
20210623,cu2201,21:48:26,0,70100,49,70010,1,70110,1,348466,1.71E+07,5766,0,0
20210623,cu2201,21:48:31,500,70100,49,70030,2,70110,2,348466,1.71E+07,5766,0,0
20210623,cu2201,21:48:42,0,70100,49,70040,2,70070,2,348466,1.71E+07,5766,0,0
20210623,cu2201,21:48:48,500,70100,49,70030,1,70070,1,348466,1.71E+07,5766,0,0
20210623,cu2201,21:48:50,500,70100,49,70030,1,70070,1,348466,1.71E+07,5766,0,0
20210623,cu2201,21:48:55,0,70100,49,70050,1,70070,1,348466,1.71E+07,5766,0,0
20210623,cu2201,21:48:59,500,70100,49,70030,2,70070,2,348466,1.71E+07,5766,0,0
20210623,cu2201,21:49:09,0,70100,49,70030,1,70070,1,348466,1.71E+07,5766,0,0
20210623,cu2201,21:49:17,500,70100,49,70010,5,70070,5,348466,1.71E+07,5766,0,0
20210623,cu2201,21:49:21,0,70100,49,70010,8,70070,8,348466,1.71E+07,5766,0,0
20210623,cu2201,21:49:23,500,70100,49,70010,5,70070,5,348466,1.71E+07,5766,0,0
20210623,cu2201,21:49:35,500,70100,49,70010,1,70070,1,348466,1.71E+07,5766,0,0
20210623,cu2201,21:50:03,0,70100,49,70040,1,70070,1,348466,1.71E+07,5766,0,0
20210623,cu2201,21:50:06,0,70100,49,70040,1,70120,1,348466,1.71E+07,5766,0,0
20210623,cu2201,21:50:14,500,70100,49,70040,1,70100,1,348466,1.71E+07,5766,0,0
20210623,cu2201,21:50:22,500,70100,49,70020,1,70110,1,348466,1.71E+07,5766,0,0
20210623,cu2201,21:50:26,0,70100,49,70030,1,70100,1,348466,1.71E+07,5766,0,0
20210623,cu2201,21:50:38,500,70100,49,70030,1,70090,1,348466,1.71E+07,5766,0,0
20210623,cu2201,21:51:44,500,70100,49,70010,3,70090,3,348466,1.71E+07,5766,0,0
20210623,cu2201,21:51:47,500,70100,49,70010,1,70080,1,348466,1.71E+07,5766,0,0
20210623,cu2201,21:51:51,500,70100,49,70030,1,70080,1,348466,1.71E+07,5766,0,0
20210623,cu2201,21:51:55,0,70100,49,70000,1,70080,1,348466,1.71E+07,5766,0,0
20210623,cu2201,21:52:01,0,70100,49,70010,1,70090,1,348466,1.71E+07,5766,0,0
20210623,cu2201,21:52:08,500,70100,49,70030,1,70090,1,348466,1.71E+07,5766,0,0
20210623,cu2201,21:52:26,500,70100,49,70000,1,70090,1,348466,1.71E+07,5766,0,0
20210623,cu2201,21:52:34,500,70100,49,70010,2,70080,2,348466,1.71E+07,5766,0,0
20210623,cu2201,21:52:45,0,70100,49,70010,1,70090,1,348466,1.71E+07,5766,0,0
20210623,cu2201,21:53:00,0,70100,49,70010,1,70080,1,348466,1.71E+07,5766,0,0
20210623,cu2201,21:53:11,500,70100,49,70010,1,70080,1,348466,1.71E+07,5766,0,0
20210623,cu2201,21:53:22,500,70100,49,70010,1,70080,1,348466,1.71E+07,5766,0,0
20210623,cu2201,21:53:30,500,70100,49,70000,1,70080,1,348466,1.71E+07,5766,0,0
20210623,cu2201,21:53:34,500,70100,49,70000,1,70040,1,348466,1.71E+07,5766,0,0
20210623,cu2201,21:53:53,500,70100,49,70000,1,70060,1,348466,1.71E+07,5766,0,0
20210623,cu2201,21:54:14,0,70100,49,70000,1,70040,1,348466,1.71E+07,5766,0,0
20210623,cu2201,21:54:19,0,70000,50,69940,1,70000,1,348497,1.74E+07,5767,0,0
20210623,cu2201,21:54:28,500,70000,50,69950,1,70000,1,348497,1.74E+07,5767,0,0
20210623,cu2201,21:55:12,0,70000,50,69950,1,70020,1,348497,1.74E+07,5767,0,0
20210623,cu2201,21:55:21,0,70000,50,69950,1,70020,1,348497,1.74E+07,5767,0,0
20210623,cu2201,21:55:39,500,70000,50,70000,1,70070,1,348497,1.74E+07,5767,0,0
20210623,cu2201,21:55:43,0,70000,50,70000,1,70040,1,348497,1.74E+07,5767,0,0
20210623,cu2201,21:55:48,0,70000,50,70000,1,70040,1,348497,1.74E+07,5767,0,0
20210623,cu2201,21:55:55,500,70000,50,70000,1,70040,1,348497,1.74E+07,5767,0,0
20210623,cu2201,21:56:03,500,70000,50,69940,1,70020,1,348497,1.74E+07,5767,0,0
20210623,cu2201,21:56:12,0,70000,50,69950,1,70010,1,348497,1.74E+07,5767,0,0
20210623,cu2201,21:56:25,500,70000,50,69950,1,70070,1,348497,1.74E+07,5767,0,0
20210623,cu2201,21:56:32,0,70000,50,69960,1,70040,1,348497,1.74E+07,5767,0,0
20210623,cu2201,21:56:45,0,70000,50,69950,1,70030,1,348497,1.74E+07,5767,0,0
20210623,cu2201,21:56:56,0,70000,50,69950,1,70010,1,348497,1.74E+07,5767,0,0
20210623,cu2201,21:57:00,0,70000,50,69950,1,70000,1,348497,1.74E+07,5767,0,0
20210623,cu2201,21:57:11,500,70000,50,69950,1,70010,1,348497,1.74E+07,5767,0,0
20210623,cu2201,21:57:39,0,69950,52,69910,1,70000,1,348546,1.81E+07,5767,0,0
20210623,cu2201,21:57:45,500,69950,52,69910,1,70000,1,348546,1.81E+07,5767,0,0
20210623,cu2201,21:57:51,0,69950,52,69900,1,69980,1,348546,1.81E+07,5767,0,0
20210623,cu2201,21:57:53,500,69950,52,69920,1,69980,1,348546,1.81E+07,5767,0,0
20210623,cu2201,21:57:57,0,69950,52,69900,2,69980,2,348546,1.81E+07,5767,0,0
20210623,cu2201,21:58:09,0,69950,52,69910,1,69980,1,348546,1.81E+07,5767,0,0
20210623,cu2201,21:58:43,0,69950,52,69920,1,70060,1,348546,1.81E+07,5767,0,0
20210623,cu2201,21:58:48,500,69950,52,69930,1,70030,1,348546,1.81E+07,5767,0,0
20210623,cu2201,21:59:07,0,69950,52,69930,1,70030,1,348546,1.81E+07,5767,0,0
20210623,cu2201,21:59:19,500,69950,52,69920,1,70030,1,348546,1.81E+07,5767,0,0
20210623,cu2201,21:59:28,500,69950,52,69900,1,70000,1,348546,1.81E+07,5767,0,0
20210623,cu2201,21:59:45,500,69950,52,69910,2,70000,2,348546,1.81E+07,5767,0,0
20210623,cu2201,21:59:53,500,69950,52,69910,1,70000,1,348546,1.81E+07,5767,0,0
20210623,cu2201,22:00:02,0,69950,52,69930,1,70000,1,348546,1.81E+07,5767,0,0
20210623,cu2201,22:00:06,0,69950,52,69920,1,70000,1,348546,1.81E+07,5767,0,0
20210623,cu2201,22:00:11,0,69950,52,69920,1,70000,1,348546,1.81E+07,5767,0,0
20210623,cu2201,22:00:17,0,69920,53,69900,4,70000,4,348566,1.85E+07,5767,0,0
20210623,cu2201,22:00:31,0,69920,53,69930,1,70000,1,348566,1.85E+07,5767,0,0
20210623,cu2201,22:00:35,500,69920,53,69920,1,70000,1,348566,1.85E+07,5767,0,0
20210623,cu2201,22:00:53,0,69920,53,69930,1,70000,1,348566,1.85E+07,5767,0,0
20210623,cu2201,22:01:09,0,69920,53,69920,1,70000,1,348566,1.85E+07,5767,0,0
20210623,cu2201,22:01:11,0,69920,53,69910,1,69990,1,348566,1.85E+07,5767,0,0
20210623,cu2201,22:01:25,500,69920,53,69890,1,69960,1,348566,1.85E+07,5767,0,0
20210623,cu2201,22:01:30,500,69920,53,69890,1,69960,1,348566,1.85E+07,5767,0,0
20210623,cu2201,22:01:35,0,69920,53,69880,1,69950,1,348566,1.85E+07,5767,0,0
20210623,cu2201,22:01:37,0,69920,53,69860,1,69950,1,348566,1.85E+07,5767,0,0
20210623,cu2201,22:01:39,500,69920,53,69740,1,69940,1,348566,1.85E+07,5767,0,0
20210623,cu2201,22:01:41,500,69920,53,69850,1,69900,1,348566,1.85E+07,5767,0,0
20210623,cu2201,22:01:46,500,69920,53,69840,1,69900,1,348566,1.85E+07,5767,0,0
20210623,cu2201,22:01:51,500,69920,53,69850,1,69900,1,348566,1.85E+07,5767,0,0
20210623,cu2201,22:01:59,0,69920,53,69840,1,69900,1,348566,1.85E+07,5767,0,0
20210623,cu2201,22:02:17,500,69920,53,69780,12,69900,12,348566,1.85E+07,5767,0,0
20210623,cu2201,22:02:20,500,69920,53,69810,1,69890,1,348566,1.85E+07,5767,0,0
20210623,cu2201,22:02:23,500,69920,53,69810,1,69900,1,348566,1.85E+07,5767,0,0
20210623,cu2201,22:02:27,0,69920,53,69800,2,69890,2,348566,1.85E+07,5767,0,0
20210623,cu2201,22:02:29,0,69920,53,69810,1,69890,1,348566,1.85E+07,5767,0,0
20210623,cu2201,22:02:32,0,69920,53,69750,1,69890,1,348566,1.85E+07,5767,0,0
20210623,cu2201,22:02:35,500,69920,53,69810,1,69890,1,348566,1.85E+07,5767,0,0
20210623,cu2201,22:02:47,500,69920,53,69820,1,69900,1,348566,1.85E+07,5767,0,0
20210623,cu2201,22:02:50,500,69920,53,69810,1,69890,1,348566,1.85E+07,5767,0,0
20210623,cu2201,22:02:56,500,69920,53,69810,1,69890,1,348566,1.85E+07,5767,0,0
20210623,cu2201,22:03:05,500,69920,53,69800,2,69890,2,348566,1.85E+07,5767,0,0
20210623,cu2201,22:03:07,500,69920,53,69810,1,69890,1,348566,1.85E+07,5767,0,0
20210623,cu2201,22:03:13,500,69920,53,69830,1,69900,1,348566,1.85E+07,5767,0,0
20210623,cu2201,22:03:16,0,69920,53,69860,1,69900,1,348566,1.85E+07,5767,0,0
20210623,cu2201,22:03:18,0,69920,53,69850,1,69940,1,348566,1.85E+07,5767,0,0
20210623,cu2201,22:03:20,0,69920,53,69860,1,69940,1,348566,1.85E+07,5767,0,0
20210623,cu2201,22:03:25,500,69920,53,69880,1,69950,1,348566,1.85E+07,5767,0,0
20210623,cu2201,22:03:27,500,69920,53,69860,2,69940,2,348566,1.85E+07,5767,0,0
20210623,cu2201,22:03:30,0,69920,53,69850,1,69940,1,348566,1.85E+07,5767,0,0
20210623,cu2201,22:03:37,0,69920,53,69850,1,69950,1,348566,1.85E+07,5767,0,0
20210623,cu2201,22:03:39,0,69920,53,69840,2,69940,2,348566,1.85E+07,5767,0,0
20210623,cu2201,22:03:44,0,69920,53,69840,2,69940,2,348566,1.85E+07,5767,0,0
20210623,cu2201,22:03:46,500,69920,53,69860,2,69950,2,348566,1.85E+07,5767,0,0
20210623,cu2201,22:03:50,0,69920,53,69860,1,69950,1,348566,1.85E+07,5767,0,0
20210623,cu2201,22:03:55,0,69920,53,69870,2,69950,2,348566,1.85E+07,5767,0,0
20210623,cu2201,22:03:58,0,69920,53,69870,1,69950,1,348566,1.85E+07,5767,0,0
20210623,cu2201,22:04:09,500,69920,53,69870,1,69950,1,348566,1.85E+07,5767,0,0
20210623,cu2201,22:04:15,500,69920,53,69880,1,69950,1,348566,1.85E+07,5767,0,0
20210623,cu2201,22:04:17,500,69920,53,69870,1,69950,1,348566,1.85E+07,5767,0,0
20210623,cu2201,22:04:21,0,69920,53,69880,1,69950,1,348566,1.85E+07,5767,0,0
20210623,cu2201,22:04:24,500,69920,53,69890,1,69950,1,348566,1.85E+07,5767,0,0
20210623,cu2201,22:04:40,0,69920,53,69900,1,69950,1,348566,1.85E+07,5767,0,0
20210623,cu2201,22:04:49,0,69920,53,69890,1,69950,1,348566,1.85E+07,5767,0,0
20210623,cu2201,22:04:59,500,69920,53,69860,1,69950,1,348566,1.85E+07,5767,0,0
20210623,cu2201,22:05:08,500,69920,53,69880,1,69950,1,348566,1.85E+07,5767,0,0
20210623,cu2201,22:05:36,0,69920,53,69880,1,69950,1,348566,1.85E+07,5767,0,0
20210623,cu2201,22:05:47,0,69920,53,69850,1,69940,1,348566,1.85E+07,5767,0,0
20210623,cu2201,22:05:49,0,69920,53,69840,1,69920,1,348566,1.85E+07,5767,0,0
20210623,cu2201,22:05:52,500,69920,53,69850,1,69920,1,348566,1.85E+07,5767,0,0
20210623,cu2201,22:05:57,500,69920,53,69840,1,69920,1,348566,1.85E+07,5767,0,0
20210623,cu2201,22:06:04,0,69920,53,69860,1,69920,1,348566,1.85E+07,5767,0,0
20210623,cu2201,22:06:17,500,69920,53,69860,2,69920,2,348566,1.85E+07,5767,0,0
20210623,cu2201,22:06:26,0,69920,53,69860,1,69920,1,348566,1.85E+07,5767,0,0
20210623,cu2201,22:06:40,0,69920,53,69870,1,69980,1,348566,1.85E+07,5767,0,0
20210623,cu2201,22:06:53,500,69920,53,69860,1,69960,1,348566,1.85E+07,5767,0,0
20210623,cu2201,22:07:01,0,69920,53,69810,1,69930,1,348566,1.85E+07,5767,0,0
20210623,cu2201,22:07:15,0,69920,53,69840,1,69930,1,348566,1.85E+07,5767,0,0
20210623,cu2201,22:07:22,500,69920,53,69850,1,69930,1,348566,1.85E+07,5767,0,0
20210623,cu2201,22:07:40,0,69920,53,69860,1,69930,1,348566,1.85E+07,5767,0,0
20210623,cu2201,22:07:53,500,69920,53,69850,1,69920,1,348566,1.85E+07,5767,0,0
20210623,cu2201,22:07:57,0,69920,53,69850,1,69920,1,348566,1.85E+07,5767,0,0
20210623,cu2201,22:08:00,500,69840,54,69820,2,69840,2,348578,1.88E+07,5767,0,0
20210623,cu2201,22:08:05,0,69840,55,69850,1,69890,1,348589,1.92E+07,5768,0,0
20210623,cu2201,22:08:07,0,69840,55,69850,1,69890,1,348589,1.92E+07,5768,0,0
20210623,cu2201,22:08:26,500,69850,56,69810,2,69850,2,348601,1.95E+07,5767,0,0
20210623,cu2201,22:08:29,0,69850,59,69850,1,69890,1,348634,2.06E+07,5767,0,0
20210623,cu2201,22:08:32,0,69850,59,69850,1,69890,1,348634,2.06E+07,5767,0,0
20210623,cu2201,22:08:34,0,69850,59,69840,2,69890,2,348634,2.06E+07,5767,0,0
20210623,cu2201,22:08:44,0,69850,59,69840,1,69890,1,348634,2.06E+07,5767,0,0
20210623,cu2201,22:08:57,0,69850,59,69840,4,69890,4,348634,2.06E+07,5767,0,0
20210623,cu2201,22:08:59,0,69850,59,69850,2,69920,2,348634,2.06E+07,5767,0,0
20210623,cu2201,22:09:26,500,69850,59,69850,2,69900,2,348634,2.06E+07,5767,0,0
20210623,cu2201,22:09:38,0,69850,59,69860,1,69890,1,348634,2.06E+07,5767,0,0
20210623,cu2201,22:09:42,0,69850,59,69860,1,69890,1,348634,2.06E+07,5767,0,0
20210623,cu2201,22:10:06,500,69850,60,69790,1,69850,1,348644,2.09E+07,5768,0,0
20210623,cu2201,22:10:13,0,69850,60,69820,1,69850,1,348644,2.09E+07,5768,0,0
20210623,cu2201,22:10:15,500,69850,60,69820,1,69850,1,348644,2.09E+07,5768,0,0
20210623,cu2201,22:10:17,500,69850,60,69840,1,69880,1,348644,2.09E+07,5768,0,0
20210623,cu2201,22:10:20,0,69850,60,69840,1,69880,1,348644,2.09E+07,5768,0,0
20210623,cu2201,22:10:39,500,69850,60,69820,1,69880,1,348644,2.09E+07,5768,0,0
20210623,cu2201,22:10:45,0,69850,60,69810,1,69870,1,348644,2.09E+07,5768,0,0
20210623,cu2201,22:10:48,500,69850,60,69820,1,69850,1,348644,2.09E+07,5768,0,0
20210623,cu2201,22:10:53,0,69850,60,69810,2,69850,2,348644,2.09E+07,5768,0,0
20210623,cu2201,22:11:02,0,69850,60,69790,1,69850,1,348644,2.09E+07,5768,0,0
20210623,cu2201,22:11:05,500,69850,60,69800,1,69850,1,348644,2.09E+07,5768,0,0
20210623,cu2201,22:11:17,500,69850,60,69770,1,69830,1,348644,2.09E+07,5768,0,0
20210623,cu2201,22:11:24,500,69850,60,69770,1,69820,1,348644,2.09E+07,5768,0,0
20210623,cu2201,22:11:43,500,69850,60,69790,1,69820,1,348644,2.09E+07,5768,0,0
20210623,cu2201,22:11:46,0,69850,60,69800,1,69850,1,348644,2.09E+07,5768,0,0
20210623,cu2201,22:11:50,0,69850,60,69800,2,69840,2,348644,2.09E+07,5768,0,0
20210623,cu2201,22:11:56,500,69850,60,69800,1,69850,1,348644,2.09E+07,5768,0,0
20210623,cu2201,22:12:00,500,69830,61,69800,1,69890,1,348652,2.13E+07,5767,0,0
20210623,cu2201,22:12:04,0,69830,61,69800,2,69870,2,348652,2.13E+07,5767,0,0
20210623,cu2201,22:12:08,500,69830,61,69820,1,69870,1,348652,2.13E+07,5767,0,0
20210623,cu2201,22:12:20,0,69830,61,69820,1,69870,1,348652,2.13E+07,5767,0,0
20210623,cu2201,22:12:37,0,69830,61,69840,1,69960,1,348652,2.13E+07,5767,0,0
20210623,cu2201,22:12:45,500,69830,61,69840,1,69930,1,348652,2.13E+07,5767,0,0
20210623,cu2201,22:12:50,500,69830,61,69850,4,69940,4,348652,2.13E+07,5767,0,0
20210623,cu2201,22:12:54,500,69830,61,69830,1,69930,1,348652,2.13E+07,5767,0,0
20210623,cu2201,22:13:01,500,69830,61,69860,1,69940,1,348652,2.13E+07,5767,0,0
20210623,cu2201,22:13:04,0,69830,61,69860,1,69930,1,348652,2.13E+07,5767,0,0
20210623,cu2201,22:13:09,500,69830,61,69860,1,69930,1,348652,2.13E+07,5767,0,0
20210623,cu2201,22:13:17,500,69830,61,69830,1,69940,1,348652,2.13E+07,5767,0,0
20210623,cu2201,22:13:25,500,69830,61,69890,1,69940,1,348652,2.13E+07,5767,0,0
20210623,cu2201,22:13:29,0,69830,61,69870,1,69940,1,348652,2.13E+07,5767,0,0
20210623,cu2201,22:13:41,0,69830,61,69880,2,69940,2,348652,2.13E+07,5767,0,0
20210623,cu2201,22:13:48,500,69830,61,69880,1,69940,1,348652,2.13E+07,5767,0,0
20210623,cu2201,22:13:59,0,69830,61,69880,3,69940,3,348652,2.13E+07,5767,0,0
20210623,cu2201,22:14:01,500,69830,61,69890,1,69940,1,348652,2.13E+07,5767,0,0
20210623,cu2201,22:14:35,0,69830,61,69910,1,69940,1,348652,2.13E+07,5767,0,0
20210623,cu2201,22:14:37,0,69830,61,69940,1,69950,1,348652,2.13E+07,5767,0,0
20210623,cu2201,22:14:40,500,69830,61,69900,2,69950,2,348652,2.13E+07,5767,0,0
20210623,cu2201,22:14:42,500,69830,61,69910,3,69950,3,348652,2.13E+07,5767,0,0
20210623,cu2201,22:14:48,0,69830,61,69910,3,69940,3,348652,2.13E+07,5767,0,0
20210623,cu2201,22:14:53,0,69830,61,69900,2,69940,2,348652,2.13E+07,5767,0,0
20210623,cu2201,22:14:57,500,69830,61,69900,1,69940,1,348652,2.13E+07,5767,0,0
20210623,cu2201,22:15:01,500,69830,61,69890,1,69940,1,348652,2.13E+07,5767,0,0
20210623,cu2201,22:15:12,500,69830,61,69900,3,69940,3,348652,2.13E+07,5767,0,0
20210623,cu2201,22:15:27,500,69830,61,69830,1,69940,1,348652,2.13E+07,5767,0,0
20210623,cu2201,22:15:35,0,69830,61,69890,1,69940,1,348652,2.13E+07,5767,0,0
20210623,cu2201,22:15:45,500,69830,61,69870,1,69940,1,348652,2.13E+07,5767,0,0
20210623,cu2201,22:15:47,500,69830,61,69900,1,69940,1,348652,2.13E+07,5767,0,0
20210623,cu2201,22:15:51,0,69830,61,69900,4,69940,4,348652,2.13E+07,5767,0,0
20210623,cu2201,22:16:02,0,69830,61,69900,1,69940,1,348652,2.13E+07,5767,0,0
20210623,cu2201,22:16:05,0,69830,61,69890,5,69940,5,348652,2.13E+07,5767,0,0
20210623,cu2201,22:16:15,0,69830,61,69870,5,69940,5,348652,2.13E+07,5767,0,0
20210623,cu2201,22:16:29,500,69830,61,69880,1,69940,1,348652,2.13E+07,5767,0,0
20210623,cu2201,22:16:38,500,69830,61,69870,2,69940,2,348652,2.13E+07,5767,0,0
20210623,cu2201,22:16:43,500,69830,61,69850,1,69930,1,348652,2.13E+07,5767,0,0
20210623,cu2201,22:16:51,500,69830,61,69850,3,69930,3,348652,2.13E+07,5767,0,0
20210623,cu2201,22:16:56,0,69830,61,69840,1,69930,1,348652,2.13E+07,5767,0,0
20210623,cu2201,22:17:05,0,69830,61,69850,2,69930,2,348652,2.13E+07,5767,0,0
20210623,cu2201,22:17:19,500,69830,61,69860,3,69930,3,348652,2.13E+07,5767,0,0
20210623,cu2201,22:17:28,500,69830,61,69860,1,69940,1,348652,2.13E+07,5767,0,0
20210623,cu2201,22:17:32,500,69830,61,69880,1,69940,1,348652,2.13E+07,5767,0,0
20210623,cu2201,22:17:35,0,69940,63,69900,2,69950,2,348686,2.20E+07,5766,0,0
20210623,cu2201,22:17:42,500,69940,63,69910,1,69950,1,348686,2.20E+07,5766,0,0
20210623,cu2201,22:17:49,500,69940,63,69920,2,69950,2,348686,2.20E+07,5766,0,0
20210623,cu2201,22:17:55,500,69940,63,69940,1,69950,1,348686,2.20E+07,5766,0,0
20210623,cu2201,22:17:57,500,69950,65,69940,1,70040,1,348718,2.27E+07,5767,0,0
20210623,cu2201,22:18:01,0,69950,65,69950,1,70040,1,348718,2.27E+07,5767,0,0
20210623,cu2201,22:18:12,0,69950,65,69950,1,70040,1,348718,2.27E+07,5767,0,0
20210623,cu2201,22:18:18,500,69950,65,69950,3,70040,3,348718,2.27E+07,5767,0,0
20210623,cu2201,22:18:24,500,69950,65,69950,3,70040,3,348718,2.27E+07,5767,0,0
20210623,cu2201,22:18:32,500,69950,65,69940,2,70040,2,348718,2.27E+07,5767,0,0
20210623,cu2201,22:18:34,500,69950,65,69970,1,70040,1,348718,2.27E+07,5767,0,0
20210623,cu2201,22:18:40,500,69950,65,69970,3,70040,3,348718,2.27E+07,5767,0,0
20210623,cu2201,22:18:46,500,69950,65,69970,2,70040,2,348718,2.27E+07,5767,0,0
20210623,cu2201,22:18:58,0,69950,65,69990,4,70040,4,348718,2.27E+07,5767,0,0
20210623,cu2201,22:19:03,500,69950,65,70000,1,70040,1,348718,2.27E+07,5767,0,0
20210623,cu2201,22:19:08,0,69950,65,70010,1,70140,1,348718,2.27E+07,5767,0,0
20210623,cu2201,22:19:10,0,69950,65,70010,3,70070,3,348718,2.27E+07,5767,0,0
20210623,cu2201,22:19:15,0,69950,65,70010,3,70080,3,348718,2.27E+07,5767,0,0
20210623,cu2201,22:19:17,500,69950,65,70010,1,70080,1,348718,2.27E+07,5767,0,0
20210623,cu2201,22:19:25,500,69950,65,70020,5,70080,5,348718,2.27E+07,5767,0,0
20210623,cu2201,22:19:38,0,69950,65,70030,2,70080,2,348718,2.27E+07,5767,0,0
20210623,cu2201,22:19:48,0,69950,65,70030,4,70080,4,348718,2.27E+07,5767,0,0
20210623,cu2201,22:19:59,500,69950,65,70040,1,70100,1,348718,2.27E+07,5767,0,0
20210623,cu2201,22:20:02,0,69950,65,70020,1,70100,1,348718,2.27E+07,5767,0,0
20210623,cu2201,22:20:05,500,69950,65,70020,3,70100,3,348718,2.27E+07,5767,0,0
20210623,cu2201,22:20:10,0,69950,65,70030,5,70100,5,348718,2.27E+07,5767,0,0
20210623,cu2201,22:20:19,0,69950,65,70040,1,70100,1,348718,2.27E+07,5767,0,0
20210623,cu2201,22:20:34,500,69950,65,70040,3,70100,3,348718,2.27E+07,5767,0,0
20210623,cu2201,22:20:47,0,69950,65,70060,1,70160,1,348718,2.27E+07,5767,0,0
20210623,cu2201,22:20:49,0,69950,65,70060,1,70150,1,348718,2.27E+07,5767,0,0
20210623,cu2201,22:20:51,500,69950,65,70080,1,70130,1,348718,2.27E+07,5767,0,0
20210623,cu2201,22:20:54,0,69950,65,70050,1,70120,1,348718,2.27E+07,5767,0,0
20210623,cu2201,22:20:58,0,69950,65,70060,2,70120,2,348718,2.27E+07,5767,0,0
20210623,cu2201,22:21:15,500,70120,66,70070,1,70120,1,348747,2.30E+07,5767,0,0
20210623,cu2201,22:21:23,500,70120,66,70070,1,70110,1,348747,2.30E+07,5767,0,0
20210623,cu2201,22:21:46,0,70120,66,70070,1,70120,1,348747,2.30E+07,5767,0,0
20210623,cu2201,22:22:05,0,70120,66,70030,3,70110,3,348747,2.30E+07,5767,0,0
20210623,cu2201,22:22:07,500,70120,66,70060,1,70120,1,348747,2.30E+07,5767,0,0
20210623,cu2201,22:22:12,500,70120,66,70040,1,70110,1,348747,2.30E+07,5767,0,0
20210623,cu2201,22:22:18,500,70050,67,70030,1,70110,1,348769,2.34E+07,5767,0,0
20210623,cu2201,22:22:38,500,70050,67,70040,3,70120,3,348769,2.34E+07,5767,0,0
20210623,cu2201,22:22:44,500,70050,67,70050,1,70120,1,348769,2.34E+07,5767,0,0
20210623,cu2201,22:22:47,0,70050,67,70050,1,70120,1,348769,2.34E+07,5767,0,0
20210623,cu2201,22:23:00,0,70050,67,70050,1,70120,1,348769,2.34E+07,5767,0,0
20210623,cu2201,22:23:06,500,70050,67,70050,1,70120,1,348769,2.34E+07,5767,0,0
20210623,cu2201,22:23:41,0,70050,67,70060,1,70120,1,348769,2.34E+07,5767,0,0
20210623,cu2201,22:23:45,500,70050,67,70040,8,70110,8,348769,2.34E+07,5767,0,0
20210623,cu2201,22:23:50,0,70050,67,70040,4,70110,4,348769,2.34E+07,5767,0,0
20210623,cu2201,22:23:59,0,70050,67,70050,3,70110,3,348769,2.34E+07,5767,0,0
20210623,cu2201,22:24:11,0,70050,67,70050,1,70110,1,348769,2.34E+07,5767,0,0
20210623,cu2201,22:24:14,0,70050,67,70030,1,70110,1,348769,2.34E+07,5767,0,0
20210623,cu2201,22:24:16,500,70050,67,70060,1,70100,1,348769,2.34E+07,5767,0,0
20210623,cu2201,22:24:26,0,70050,67,70060,1,70110,1,348769,2.34E+07,5767,0,0
20210623,cu2201,22:24:57,0,70050,67,70060,1,70110,1,348769,2.34E+07,5767,0,0
20210623,cu2201,22:25:06,500,70050,67,70060,1,70100,1,348769,2.34E+07,5767,0,0
20210623,cu2201,22:25:08,500,70080,68,70020,1,70110,1,348793,2.37E+07,5767,0,0
20210623,cu2201,22:25:13,0,70080,68,70040,2,70110,2,348793,2.37E+07,5767,0,0
20210623,cu2201,22:25:15,500,70080,68,70020,1,70110,1,348793,2.37E+07,5767,0,0
20210623,cu2201,22:25:21,0,70080,68,70040,2,70110,2,348793,2.37E+07,5767,0,0
20210623,cu2201,22:25:24,500,70080,68,70070,1,70110,1,348793,2.37E+07,5767,0,0
20210623,cu2201,22:25:28,500,70080,68,70040,2,70110,2,348793,2.37E+07,5767,0,0
20210623,cu2201,22:25:31,500,70080,68,70070,2,70110,2,348793,2.37E+07,5767,0,0
20210623,cu2201,22:25:44,0,70080,68,70070,1,70110,1,348793,2.37E+07,5767,0,0
20210623,cu2201,22:25:51,500,70080,68,70060,1,70100,1,348793,2.37E+07,5767,0,0
20210623,cu2201,22:25:55,500,70080,68,70050,4,70100,4,348793,2.37E+07,5767,0,0
20210623,cu2201,22:25:59,500,70080,68,70050,1,70100,1,348793,2.37E+07,5767,0,0
20210623,cu2201,22:26:03,0,70080,68,70070,1,70110,1,348793,2.37E+07,5767,0,0
20210623,cu2201,22:26:13,500,70080,68,70050,4,70100,4,348793,2.37E+07,5767,0,0
20210623,cu2201,22:26:23,0,70080,68,69950,1,70100,1,348793,2.37E+07,5767,0,0
20210623,cu2201,22:26:25,500,70080,68,70030,2,70100,2,348793,2.37E+07,5767,0,0
20210623,cu2201,22:26:31,0,70080,68,70040,2,70100,2,348793,2.37E+07,5767,0,0
20210623,cu2201,22:26:37,500,70080,68,70070,1,70100,1,348793,2.37E+07,5767,0,0
20210623,cu2201,22:26:39,500,70080,68,70050,2,70100,2,348793,2.37E+07,5767,0,0
20210623,cu2201,22:26:52,500,70080,68,70000,1,70100,1,348793,2.37E+07,5767,0,0
20210623,cu2201,22:26:57,500,70080,68,70040,2,70100,2,348793,2.37E+07,5767,0,0
20210623,cu2201,22:27:00,500,70080,68,70040,1,70100,1,348793,2.37E+07,5767,0,0
20210623,cu2201,22:27:14,0,70080,68,70030,6,70100,6,348793,2.37E+07,5767,0,0
20210623,cu2201,22:27:33,500,70080,68,70060,1,70100,1,348793,2.37E+07,5767,0,0
20210623,cu2201,22:27:45,500,70080,68,70070,5,70110,5,348793,2.37E+07,5767,0,0
20210623,cu2201,22:27:48,0,70100,69,70080,3,70100,3,348818,2.41E+07,5766,0,0
20210623,cu2201,22:28:05,0,70100,70,70040,4,70110,4,348842,2.44E+07,5765,0,0
20210623,cu2201,22:28:08,500,70100,70,70050,1,70110,1,348842,2.44E+07,5765,0,0
20210623,cu2201,22:28:13,500,70100,70,70050,1,70110,1,348842,2.44E+07,5765,0,0
20210623,cu2201,22:28:25,500,70100,70,70060,2,70100,2,348842,2.44E+07,5765,0,0
20210623,cu2201,22:28:28,0,70100,70,70030,6,70100,6,348842,2.44E+07,5765,0,0
20210623,cu2201,22:28:38,500,70100,70,70030,3,70090,3,348842,2.44E+07,5765,0,0
20210623,cu2201,22:28:49,500,70100,70,70030,3,70090,3,348842,2.44E+07,5765,0,0
20210623,cu2201,22:29:04,0,70100,70,70060,2,70090,2,348842,2.44E+07,5765,0,0
20210623,cu2201,22:29:16,500,70100,70,70030,6,70090,6,348842,2.44E+07,5765,0,0
20210623,cu2201,22:29:44,0,70100,70,70030,3,70090,3,348842,2.44E+07,5765,0,0
20210623,cu2201,22:29:49,500,70100,70,70030,1,70080,1,348842,2.44E+07,5765,0,0
20210623,cu2201,22:29:52,0,70100,70,70030,1,70090,1,348842,2.44E+07,5765,0,0
20210623,cu2201,22:29:58,500,70100,70,70000,6,70080,6,348842,2.44E+07,5765,0,0
20210623,cu2201,22:30:00,500,70100,70,70000,3,70080,3,348842,2.44E+07,5765,0,0
20210623,cu2201,22:30:02,500,70100,70,70040,1,70090,1,348842,2.44E+07,5765,0,0
20210623,cu2201,22:30:09,0,70100,70,70060,3,70090,3,348842,2.44E+07,5765,0,0
20210623,cu2201,22:30:20,500,70090,72,70060,2,70090,2,348887,2.51E+07,5765,0,0
20210623,cu2201,22:30:24,0,70090,73,70010,2,70090,2,348908,2.55E+07,5764,0,0
20210623,cu2201,22:30:26,0,70090,73,70080,1,70090,1,348908,2.55E+07,5764,0,0
20210623,cu2201,22:30:33,500,70080,74,70060,2,70080,2,348928,2.58E+07,5763,0,0
20210623,cu2201,22:30:44,500,70080,74,70040,6,70080,6,348928,2.58E+07,5763,0,0
20210623,cu2201,22:30:57,0,70080,74,70050,2,70080,2,348928,2.58E+07,5763,0,0
20210623,cu2201,22:31:04,0,70080,74,70060,1,70080,1,348928,2.58E+07,5763,0,0
20210623,cu2201,22:31:08,0,70080,75,70050,2,70090,2,348948,2.62E+07,5763,0,0
20210623,cu2201,22:31:17,0,70080,75,70060,3,70080,3,348948,2.62E+07,5763,0,0
20210623,cu2201,22:31:22,0,70080,76,70060,2,70080,2,348967,2.65E+07,5762,0,0
20210623,cu2201,22:31:32,0,70090,78,70070,4,70090,4,349004,2.72E+07,5760,0,0
20210623,cu2201,22:31:38,0,70090,78,70050,3,70090,3,349004,2.72E+07,5760,0,0
20210623,cu2201,22:31:55,0,70090,78,70060,2,70090,2,349004,2.72E+07,5760,0,0
20210623,cu2201,22:31:59,500,70090,78,70060,2,70090,2,349004,2.72E+07,5760,0,0
20210623,cu2201,22:32:04,0,70090,79,70090,1,70150,1,349023,2.76E+07,5760,0,0
20210623,cu2201,22:33:08,0,70090,79,70090,2,70150,2,349023,2.76E+07,5760,0,0
20210623,cu2201,22:33:19,500,70090,79,70070,2,70140,2,349023,2.76E+07,5760,0,0
20210623,cu2201,22:33:24,0,70090,79,70080,1,70140,1,349023,2.76E+07,5760,0,0
20210623,cu2201,22:33:58,500,70090,79,70060,1,70150,1,349023,2.76E+07,5760,0,0
20210623,cu2201,22:34:02,500,70090,79,70080,3,70150,3,349023,2.76E+07,5760,0,0
20210623,cu2201,22:34:09,500,70090,79,70080,4,70140,4,349023,2.76E+07,5760,0,0
20210623,cu2201,22:34:19,500,70090,79,70080,4,70150,4,349023,2.76E+07,5760,0,0
20210623,cu2201,22:34:21,500,70090,79,70080,2,70140,2,349023,2.76E+07,5760,0,0
20210623,cu2201,22:34:31,0,70090,79,70080,2,70140,2,349023,2.76E+07,5760,0,0
20210623,cu2201,22:34:35,0,70090,79,70060,3,70140,3,349023,2.76E+07,5760,0,0
20210623,cu2201,22:34:37,500,70090,79,70040,4,70140,4,349023,2.76E+07,5760,0,0
20210623,cu2201,22:34:43,500,70090,79,70050,1,70140,1,349023,2.76E+07,5760,0,0
20210623,cu2201,22:34:46,0,70090,79,70050,1,70100,1,349023,2.76E+07,5760,0,0
20210623,cu2201,22:35:01,500,70090,79,70050,1,70140,1,349023,2.76E+07,5760,0,0
20210623,cu2201,22:35:03,500,70090,79,70100,1,70130,1,349023,2.76E+07,5760,0,0
20210623,cu2201,22:35:09,500,70090,79,70100,1,70140,1,349023,2.76E+07,5760,0,0
20210623,cu2201,22:35:15,500,70090,79,70070,4,70130,4,349023,2.76E+07,5760,0,0
20210623,cu2201,22:35:26,0,70090,79,70070,1,70140,1,349023,2.76E+07,5760,0,0
20210623,cu2201,22:35:33,0,70090,79,70080,2,70140,2,349023,2.76E+07,5760,0,0
20210623,cu2201,22:35:49,0,70090,79,70070,1,70130,1,349023,2.76E+07,5760,0,0
20210623,cu2201,22:35:57,500,70090,79,70030,1,70130,1,349023,2.76E+07,5760,0,0
20210623,cu2201,22:36:01,0,70090,79,70050,3,70130,3,349023,2.76E+07,5760,0,0
20210623,cu2201,22:36:06,0,70090,79,70060,2,70130,2,349023,2.76E+07,5760,0,0
20210623,cu2201,22:36:28,0,70090,79,70060,2,70130,2,349023,2.76E+07,5760,0,0
20210623,cu2201,22:36:41,500,70090,79,70050,1,70130,1,349023,2.76E+07,5760,0,0
20210623,cu2201,22:36:50,500,70090,79,70050,1,70110,1,349023,2.76E+07,5760,0,0
20210623,cu2201,22:37:14,500,70090,79,70050,3,70110,3,349023,2.76E+07,5760,0,0
20210623,cu2201,22:37:19,500,70090,79,70060,2,70110,2,349023,2.76E+07,5760,0,0
20210623,cu2201,22:37:33,0,70090,79,70060,2,70110,2,349023,2.76E+07,5760,0,0
20210623,cu2201,22:38:01,0,70090,79,70060,2,70100,2,349023,2.76E+07,5760,0,0
20210623,cu2201,22:38:10,0,70090,79,70050,1,70110,1,349023,2.76E+07,5760,0,0
20210623,cu2201,22:38:35,500,70090,79,70050,1,70110,1,349023,2.76E+07,5760,0,0
20210623,cu2201,22:38:48,0,70090,79,70060,1,70160,1,349023,2.76E+07,5760,0,0
20210623,cu2201,22:39:07,0,70090,79,70050,1,70130,1,349023,2.76E+07,5760,0,0
20210623,cu2201,22:39:19,0,70090,79,70060,2,70120,2,349023,2.76E+07,5760,0,0
20210623,cu2201,22:39:25,0,70090,79,70080,1,70120,1,349023,2.76E+07,5760,0,0
20210623,cu2201,22:39:36,0,70090,79,70050,1,70120,1,349023,2.76E+07,5760,0,0
20210623,cu2201,22:40:09,0,70090,79,70080,1,70120,1,349023,2.76E+07,5760,0,0
20210623,cu2201,22:40:21,500,70090,79,70080,3,70140,3,349023,2.76E+07,5760,0,0
20210623,cu2201,22:40:44,0,70090,79,70090,3,70140,3,349023,2.76E+07,5760,0,0
20210623,cu2201,22:40:59,0,70140,80,70110,2,70150,2,349044,2.79E+07,5759,0,0
20210623,cu2201,22:41:26,0,70140,80,69990,3,70160,3,349044,2.79E+07,5759,0,0
20210623,cu2201,22:41:32,0,70140,80,70090,2,70150,2,349044,2.79E+07,5759,0,0
20210623,cu2201,22:41:36,500,70140,80,70080,4,70150,4,349044,2.79E+07,5759,0,0
20210623,cu2201,22:41:51,0,70140,80,70140,2,70160,2,349044,2.79E+07,5759,0,0
20210623,cu2201,22:42:07,500,70160,81,70160,1,70210,1,349065,2.83E+07,5760,0,0
20210623,cu2201,22:42:20,0,70160,81,70160,1,70200,1,349065,2.83E+07,5760,0,0
20210623,cu2201,22:42:36,500,70160,81,70160,1,70210,1,349065,2.83E+07,5760,0,0
20210623,cu2201,22:42:46,0,70160,81,70160,1,70230,1,349065,2.83E+07,5760,0,0
20210623,cu2201,22:42:48,500,70160,81,70160,1,70210,1,349065,2.83E+07,5760,0,0
20210623,cu2201,22:43:03,500,70160,81,70160,3,70220,3,349065,2.83E+07,5760,0,0
20210623,cu2201,22:43:15,0,70160,81,70160,1,70210,1,349065,2.83E+07,5760,0,0
20210623,cu2201,22:43:21,0,70160,81,70120,1,70190,1,349065,2.83E+07,5760,0,0
20210623,cu2201,22:43:25,500,70160,81,70130,2,70190,2,349065,2.83E+07,5760,0,0
20210623,cu2201,22:43:27,500,70160,81,70120,1,70180,1,349065,2.83E+07,5760,0,0
20210623,cu2201,22:43:45,0,70160,81,70120,1,70170,1,349065,2.83E+07,5760,0,0
20210623,cu2201,22:43:53,0,70160,81,70120,1,70180,1,349065,2.83E+07,5760,0,0
20210623,cu2201,22:44:10,0,70160,81,70080,2,70160,2,349065,2.83E+07,5760,0,0
20210623,cu2201,22:44:15,0,70160,81,70090,2,70170,2,349065,2.83E+07,5760,0,0
20210623,cu2201,22:44:18,500,70110,82,70100,1,70170,1,349084,2.86E+07,5760,0,0
20210623,cu2201,22:44:26,0,70110,82,70070,7,70170,7,349084,2.86E+07,5760,0,0
20210623,cu2201,22:44:35,500,70110,82,70090,3,70170,3,349084,2.86E+07,5760,0,0
20210623,cu2201,22:44:41,500,70110,82,70080,3,70170,3,349084,2.86E+07,5760,0,0
20210623,cu2201,22:44:46,500,70110,82,70080,3,70170,3,349084,2.86E+07,5760,0,0
20210623,cu2201,22:45:00,500,70110,82,70080,2,70150,2,349084,2.86E+07,5760,0,0
20210623,cu2201,22:45:05,0,70110,82,70020,2,70130,2,349084,2.86E+07,5760,0,0
20210623,cu2201,22:45:07,0,70110,82,70060,2,70130,2,349084,2.86E+07,5760,0,0
20210623,cu2201,22:45:10,500,70110,82,70070,2,70130,2,349084,2.86E+07,5760,0,0
20210623,cu2201,22:45:14,0,70110,82,70050,3,70130,3,349084,2.86E+07,5760,0,0
20210623,cu2201,22:45:20,500,70110,82,70050,2,70130,2,349084,2.86E+07,5760,0,0
20210623,cu2201,22:45:22,500,70110,82,70090,1,70130,1,349084,2.86E+07,5760,0,0
20210623,cu2201,22:45:32,500,70110,82,70080,1,70130,1,349084,2.86E+07,5760,0,0
20210623,cu2201,22:45:45,500,70110,82,70060,2,70130,2,349084,2.86E+07,5760,0,0
20210623,cu2201,22:45:50,0,70110,82,70090,2,70130,2,349084,2.86E+07,5760,0,0
20210623,cu2201,22:45:59,0,70110,82,70100,2,70170,2,349084,2.86E+07,5760,0,0
20210623,cu2201,22:46:12,500,70110,82,70110,1,70160,1,349084,2.86E+07,5760,0,0
20210623,cu2201,22:46:19,0,70110,83,70050,3,70110,3,349101,2.90E+07,5760,0,0
20210623,cu2201,22:46:21,0,70110,83,70060,2,70110,2,349101,2.90E+07,5760,0,0
20210623,cu2201,22:46:25,500,70110,83,70040,1,70110,1,349101,2.90E+07,5760,0,0
20210623,cu2201,22:46:31,0,70110,83,70050,2,70110,2,349101,2.90E+07,5760,0,0
20210623,cu2201,22:46:35,500,70110,83,70040,3,70100,3,349101,2.90E+07,5760,0,0
20210623,cu2201,22:46:38,0,70110,83,70040,1,70110,1,349101,2.90E+07,5760,0,0
20210623,cu2201,22:46:41,500,70110,83,70020,3,70100,3,349101,2.90E+07,5760,0,0
20210623,cu2201,22:46:50,0,70110,83,70020,3,70090,3,349101,2.90E+07,5760,0,0
20210623,cu2201,22:46:54,0,70110,83,70020,1,70080,1,349101,2.90E+07,5760,0,0
20210623,cu2201,22:47:05,0,70110,83,70030,1,70080,1,349101,2.90E+07,5760,0,0
20210623,cu2201,22:47:08,500,70110,83,70020,1,70080,1,349101,2.90E+07,5760,0,0
20210623,cu2201,22:47:13,0,70110,83,70020,3,70080,3,349101,2.90E+07,5760,0,0
20210623,cu2201,22:47:18,500,70110,83,70050,1,70080,1,349101,2.90E+07,5760,0,0
20210623,cu2201,22:47:36,500,70110,83,70020,4,70080,4,349101,2.90E+07,5760,0,0
20210623,cu2201,22:47:42,500,70110,83,70020,3,70080,3,349101,2.90E+07,5760,0,0
20210623,cu2201,22:47:48,500,70110,83,70030,1,70080,1,349101,2.90E+07,5760,0,0
20210623,cu2201,22:47:52,0,70110,83,70020,4,70080,4,349101,2.90E+07,5760,0,0
20210623,cu2201,22:47:58,500,70110,83,70020,3,70080,3,349101,2.90E+07,5760,0,0
20210623,cu2201,22:48:12,500,70110,83,69960,1,70080,1,349101,2.90E+07,5760,0,0
20210623,cu2201,22:48:14,500,70110,83,69990,1,70070,1,349101,2.90E+07,5760,0,0
20210623,cu2201,22:48:21,500,70110,83,69990,1,70070,1,349101,2.90E+07,5760,0,0
20210623,cu2201,22:48:28,0,70110,83,69990,1,70070,1,349101,2.90E+07,5760,0,0
20210623,cu2201,22:48:32,500,70110,83,69980,4,70060,4,349101,2.90E+07,5760,0,0
20210623,cu2201,22:48:35,0,70110,83,69980,3,70050,3,349101,2.90E+07,5760,0,0
20210623,cu2201,22:48:43,0,70110,83,69980,1,70050,1,349101,2.90E+07,5760,0,0
20210623,cu2201,22:48:56,500,70110,83,69990,1,70050,1,349101,2.90E+07,5760,0,0
20210623,cu2201,22:49:10,0,70110,83,69990,3,70050,3,349101,2.90E+07,5760,0,0
20210623,cu2201,22:49:15,500,70110,83,70010,1,70050,1,349101,2.90E+07,5760,0,0
20210623,cu2201,22:49:18,500,70110,83,69980,2,70050,2,349101,2.90E+07,5760,0,0
20210623,cu2201,22:49:25,0,70110,83,70000,1,70050,1,349101,2.90E+07,5760,0,0
20210623,cu2201,22:49:28,500,70110,83,70010,2,70050,2,349101,2.90E+07,5760,0,0
20210623,cu2201,22:49:36,0,70110,83,70010,1,70100,1,349101,2.90E+07,5760,0,0
20210623,cu2201,22:49:45,0,70110,83,70010,1,70100,1,349101,2.90E+07,5760,0,0
20210623,cu2201,22:49:48,0,70110,83,70010,1,70080,1,349101,2.90E+07,5760,0,0
20210623,cu2201,22:50:00,0,70110,83,70010,1,70060,1,349101,2.90E+07,5760,0,0
20210623,cu2201,22:50:46,0,70110,83,69980,2,70060,2,349101,2.90E+07,5760,0,0
20210623,cu2201,22:50:53,500,70110,83,69840,2,70050,2,349101,2.90E+07,5760,0,0
20210623,cu2201,22:50:57,0,70110,83,69940,4,70050,4,349101,2.90E+07,5760,0,0
20210623,cu2201,22:51:06,0,70110,83,69940,2,70020,2,349101,2.90E+07,5760,0,0
20210623,cu2201,22:51:09,500,70110,83,69950,2,70020,2,349101,2.90E+07,5760,0,0
20210623,cu2201,22:51:17,500,70110,83,69940,2,70020,2,349101,2.90E+07,5760,0,0
20210623,cu2201,22:51:21,500,70110,83,69940,1,70010,1,349101,2.90E+07,5760,0,0
20210623,cu2201,22:51:31,500,70110,83,69950,1,70020,1,349101,2.90E+07,5760,0,0
20210623,cu2201,22:51:35,500,70110,83,69970,1,70020,1,349101,2.90E+07,5760,0,0
20210623,cu2201,22:51:51,500,70110,83,69910,1,70020,1,349101,2.90E+07,5760,0,0
20210623,cu2201,22:52:07,0,70110,83,69940,3,70020,3,349101,2.90E+07,5760,0,0
20210623,cu2201,22:52:12,0,70110,83,69920,2,70020,2,349101,2.90E+07,5760,0,0
20210623,cu2201,22:52:29,0,70110,83,69930,4,70020,4,349101,2.90E+07,5760,0,0
20210623,cu2201,22:52:33,500,70110,83,69930,4,70020,4,349101,2.90E+07,5760,0,0
20210623,cu2201,22:52:47,500,70110,83,69940,1,70020,1,349101,2.90E+07,5760,0,0
20210623,cu2201,22:52:53,0,70110,83,69930,1,69980,1,349101,2.90E+07,5760,0,0
20210623,cu2201,22:53:37,0,70110,83,69830,1,69980,1,349101,2.90E+07,5760,0,0
20210623,cu2201,22:53:39,500,70110,83,69910,1,69980,1,349101,2.90E+07,5760,0,0
20210623,cu2201,22:53:53,0,70110,83,69880,1,69980,1,349101,2.90E+07,5760,0,0
20210623,cu2201,22:54:02,500,70110,83,69870,1,69970,1,349101,2.90E+07,5760,0,0
20210623,cu2201,22:54:07,0,70110,83,69880,2,69970,2,349101,2.90E+07,5760,0,0
20210623,cu2201,22:54:13,500,70110,83,69890,1,69960,1,349101,2.90E+07,5760,0,0
20210623,cu2201,22:54:19,500,70110,83,69890,1,69950,1,349101,2.90E+07,5760,0,0
20210623,cu2201,22:54:28,0,70110,83,69900,2,69950,2,349101,2.90E+07,5760,0,0
20210623,cu2201,22:54:32,500,70110,83,69900,3,69950,3,349101,2.90E+07,5760,0,0
20210623,cu2201,22:54:41,0,70110,83,69910,2,69950,2,349101,2.90E+07,5760,0,0
20210623,cu2201,22:54:51,500,70110,83,69920,1,70010,1,349101,2.90E+07,5760,0,0
20210623,cu2201,22:54:57,500,70110,83,69910,3,70000,3,349101,2.90E+07,5760,0,0
20210623,cu2201,22:55:16,0,70110,83,69890,1,69980,1,349101,2.90E+07,5760,0,0
20210623,cu2201,22:55:20,0,70110,83,69890,3,69960,3,349101,2.90E+07,5760,0,0
20210623,cu2201,22:55:29,500,70110,83,69890,1,69960,1,349101,2.90E+07,5760,0,0
20210623,cu2201,22:56:17,500,70110,83,69890,1,69980,1,349101,2.90E+07,5760,0,0
20210623,cu2201,22:56:29,0,70110,83,69900,4,69970,4,349101,2.90E+07,5760,0,0
20210623,cu2201,22:56:35,500,70110,83,69920,1,69970,1,349101,2.90E+07,5760,0,0
20210623,cu2201,22:56:45,500,70110,83,69930,3,69970,3,349101,2.90E+07,5760,0,0
20210623,cu2201,22:56:50,500,70110,83,69940,1,70100,1,349101,2.90E+07,5760,0,0
20210623,cu2201,22:56:53,500,70110,83,69970,1,70020,1,349101,2.90E+07,5760,0,0
20210623,cu2201,22:57:56,500,70110,83,69920,3,70020,3,349101,2.90E+07,5760,0,0
20210623,cu2201,22:58:17,500,70110,83,69940,2,70020,2,349101,2.90E+07,5760,0,0
20210623,cu2201,22:58:27,0,70110,83,69950,3,70020,3,349101,2.90E+07,5760,0,0
20210623,cu2201,22:58:29,500,70110,83,69950,4,70020,4,349101,2.90E+07,5760,0,0
20210623,cu2201,22:58:41,0,70110,83,69950,3,70020,3,349101,2.90E+07,5760,0,0
20210623,cu2201,22:59:09,0,70110,83,69950,1,70010,1,349101,2.90E+07,5760,0,0
20210623,cu2201,22:59:26,500,70110,83,69960,2,70020,2,349101,2.90E+07,5760,0,0
20210623,cu2201,23:00:03,0,70110,83,69960,1,70020,1,349101,2.90E+07,5760,0,0
20210623,cu2201,23:00:06,0,70110,83,69970,1,70020,1,349101,2.90E+07,5760,0,0
20210623,cu2201,23:00:09,0,70110,83,69980,2,70020,2,349101,2.90E+07,5760,0,0
20210623,cu2201,23:00:16,500,70110,83,69980,3,70060,3,349101,2.90E+07,5760,0,0
20210623,cu2201,23:00:27,0,70110,83,69980,1,70050,1,349101,2.90E+07,5760,0,0
20210623,cu2201,23:00:30,500,70110,83,69980,1,70050,1,349101,2.90E+07,5760,0,0
20210623,cu2201,23:00:51,0,70110,83,69980,1,70020,1,349101,2.90E+07,5760,0,0
20210623,cu2201,23:01:00,0,70110,83,69940,1,70010,1,349101,2.90E+07,5760,0,0
20210623,cu2201,23:01:08,0,70110,83,69950,1,70010,1,349101,2.90E+07,5760,0,0
20210623,cu2201,23:01:42,0,70110,83,69950,1,70020,1,349101,2.90E+07,5760,0,0
20210623,cu2201,23:01:52,500,70110,83,69950,1,70020,1,349101,2.90E+07,5760,0,0
20210623,cu2201,23:02:00,500,70110,83,69910,1,70010,1,349101,2.90E+07,5760,0,0
20210623,cu2201,23:02:06,500,70110,83,69930,1,70010,1,349101,2.90E+07,5760,0,0
20210623,cu2201,23:02:27,0,70110,83,69930,1,70010,1,349101,2.90E+07,5760,0,0
20210623,cu2201,23:02:43,500,70110,83,69930,1,69980,1,349101,2.90E+07,5760,0,0
20210623,cu2201,23:03:53,0,69930,84,69900,1,69980,1,349108,2.93E+07,5760,0,0
20210623,cu2201,23:04:00,500,69930,84,69900,3,69980,3,349108,2.93E+07,5760,0,0
20210623,cu2201,23:04:21,0,69930,84,69900,3,69980,3,349108,2.93E+07,5760,0,0
20210623,cu2201,23:05:04,500,69930,84,69900,3,69980,3,349108,2.93E+07,5760,0,0
20210623,cu2201,23:05:11,500,69930,84,69910,2,69980,2,349108,2.93E+07,5760,0,0
20210623,cu2201,23:05:30,500,69930,84,69920,3,70030,3,349108,2.93E+07,5760,0,0
20210623,cu2201,23:05:39,500,69930,84,69920,1,70010,1,349108,2.93E+07,5760,0,0
20210623,cu2201,23:06:16,0,69930,84,69920,1,70010,1,349108,2.93E+07,5760,0,0
20210623,cu2201,23:06:22,500,69930,84,69890,7,70010,7,349108,2.93E+07,5760,0,0
20210623,cu2201,23:06:26,0,69930,84,69890,7,69980,7,349108,2.93E+07,5760,0,0
20210623,cu2201,23:06:52,500,69930,84,69910,1,69980,1,349108,2.93E+07,5760,0,0
20210623,cu2201,23:07:11,500,69930,84,69910,3,69980,3,349108,2.93E+07,5760,0,0
20210623,cu2201,23:07:22,0,69930,84,69890,4,69980,4,349108,2.93E+07,5760,0,0
20210623,cu2201,23:07:26,500,69930,84,69900,1,69970,1,349108,2.93E+07,5760,0,0
20210623,cu2201,23:07:39,0,69930,84,69870,1,69970,1,349108,2.93E+07,5760,0,0
20210623,cu2201,23:07:46,500,69930,84,69880,3,69970,3,349108,2.93E+07,5760,0,0
20210623,cu2201,23:07:57,500,69930,84,69850,2,69970,2,349108,2.93E+07,5760,0,0
20210623,cu2201,23:07:59,500,69930,84,69860,5,69970,5,349108,2.93E+07,5760,0,0
20210623,cu2201,23:08:18,0,69930,84,69860,4,69970,4,349108,2.93E+07,5760,0,0
20210623,cu2201,23:08:24,500,69930,84,69880,1,69970,1,349108,2.93E+07,5760,0,0
20210623,cu2201,23:08:29,500,69930,84,69880,1,69970,1,349108,2.93E+07,5760,0,0
20210623,cu2201,23:08:32,500,69930,84,69870,3,69970,3,349108,2.93E+07,5760,0,0
20210623,cu2201,23:09:01,0,69930,84,69880,1,69940,1,349108,2.93E+07,5760,0,0
20210623,cu2201,23:09:30,0,69930,84,69880,1,69930,1,349108,2.93E+07,5760,0,0
20210623,cu2201,23:10:13,0,69880,85,69820,1,69920,1,349111,2.97E+07,5761,0,0
20210623,cu2201,23:10:16,0,69880,85,69820,1,69910,1,349111,2.97E+07,5761,0,0
20210623,cu2201,23:10:18,500,69880,85,69780,1,69870,1,349111,2.97E+07,5761,0,0
20210623,cu2201,23:10:20,500,69880,85,69780,1,69870,1,349111,2.97E+07,5761,0,0
20210623,cu2201,23:10:24,500,69880,85,69780,3,69870,3,349111,2.97E+07,5761,0,0
20210623,cu2201,23:10:27,500,69880,85,69800,3,69870,3,349111,2.97E+07,5761,0,0
20210623,cu2201,23:10:39,500,69880,85,69800,3,69870,3,349111,2.97E+07,5761,0,0
20210623,cu2201,23:10:44,0,69880,85,69800,1,69860,1,349111,2.97E+07,5761,0,0
20210623,cu2201,23:10:57,500,69880,85,69800,1,69870,1,349111,2.97E+07,5761,0,0
20210623,cu2201,23:11:07,0,69880,85,69820,1,69870,1,349111,2.97E+07,5761,0,0
20210623,cu2201,23:11:09,0,69880,85,69770,1,69870,1,349111,2.97E+07,5761,0,0
20210623,cu2201,23:11:13,0,69880,85,69800,3,69870,3,349111,2.97E+07,5761,0,0
20210623,cu2201,23:11:23,500,69880,85,69820,1,69870,1,349111,2.97E+07,5761,0,0
20210623,cu2201,23:11:34,0,69880,85,69820,5,70040,5,349111,2.97E+07,5761,0,0
20210623,cu2201,23:11:36,0,69880,85,69870,1,69930,1,349111,2.97E+07,5761,0,0
20210623,cu2201,23:11:41,0,69880,85,69870,1,69930,1,349111,2.97E+07,5761,0,0
20210623,cu2201,23:11:59,0,69880,85,69870,1,69920,1,349111,2.97E+07,5761,0,0
20210623,cu2201,23:12:37,0,69880,85,69880,1,69930,1,349111,2.97E+07,5761,0,0
20210623,cu2201,23:12:53,0,69930,86,69880,1,69930,1,349117,3.00E+07,5761,0,0
20210623,cu2201,23:13:17,500,69930,86,69890,3,69980,3,349117,3.00E+07,5761,0,0
20210623,cu2201,23:13:24,0,69930,86,69890,1,69970,1,349117,3.00E+07,5761,0,0
20210623,cu2201,23:13:32,0,69930,86,69900,3,69970,3,349117,3.00E+07,5761,0,0
20210623,cu2201,23:13:41,0,69930,86,69900,1,69970,1,349117,3.00E+07,5761,0,0
20210623,cu2201,23:13:51,0,69930,86,69900,1,69970,1,349117,3.00E+07,5761,0,0
20210623,cu2201,23:13:58,0,69930,86,69900,1,69980,1,349117,3.00E+07,5761,0,0
20210623,cu2201,23:14:02,500,69930,86,69910,2,69980,2,349117,3.00E+07,5761,0,0
20210623,cu2201,23:14:52,500,69930,86,69920,1,69980,1,349117,3.00E+07,5761,0,0
20210623,cu2201,23:15:13,0,69930,86,69920,3,69980,3,349117,3.00E+07,5761,0,0
20210623,cu2201,23:15:20,500,69930,86,69920,3,70010,3,349117,3.00E+07,5761,0,0
20210623,cu2201,23:15:32,500,69930,86,69930,1,70010,1,349117,3.00E+07,5761,0,0
20210623,cu2201,23:15:45,0,69930,86,69950,1,70010,1,349117,3.00E+07,5761,0,0
20210623,cu2201,23:16:07,500,69930,86,69950,1,70010,1,349117,3.00E+07,5761,0,0
20210623,cu2201,23:16:12,0,69930,86,69950,3,70010,3,349117,3.00E+07,5761,0,0
20210623,cu2201,23:16:23,0,69930,86,69950,1,70010,1,349117,3.00E+07,5761,0,0
20210623,cu2201,23:17:08,0,69930,86,69950,1,70010,1,349117,3.00E+07,5761,0,0
20210623,cu2201,23:17:25,0,69930,86,69960,1,70010,1,349117,3.00E+07,5761,0,0
20210623,cu2201,23:19:07,500,69930,86,69950,1,70000,1,349117,3.00E+07,5761,0,0
20210623,cu2201,23:19:32,500,69950,87,69910,1,69980,1,349125,3.04E+07,5761,0,0
20210623,cu2201,23:19:52,0,69950,87,69910,3,69980,3,349125,3.04E+07,5761,0,0
20210623,cu2201,23:20:03,0,69950,87,69870,7,69970,7,349125,3.04E+07,5761,0,0
20210623,cu2201,23:20:05,500,69950,87,69890,1,69970,1,349125,3.04E+07,5761,0,0
20210623,cu2201,23:20:10,500,69950,87,69890,1,69970,1,349125,3.04E+07,5761,0,0
20210623,cu2201,23:20:15,0,69950,87,69870,2,69970,2,349125,3.04E+07,5761,0,0
20210623,cu2201,23:20:26,0,69950,87,69880,1,69970,1,349125,3.04E+07,5761,0,0
20210623,cu2201,23:20:37,0,69950,87,69840,1,69940,1,349125,3.04E+07,5761,0,0
20210623,cu2201,23:20:40,500,69950,87,69870,1,69930,1,349125,3.04E+07,5761,0,0
20210623,cu2201,23:20:46,0,69950,87,69850,3,69930,3,349125,3.04E+07,5761,0,0
20210623,cu2201,23:20:49,0,69950,87,69870,3,69930,3,349125,3.04E+07,5761,0,0
20210623,cu2201,23:21:01,0,69950,87,69870,1,69930,1,349125,3.04E+07,5761,0,0
20210623,cu2201,23:21:26,0,69950,87,69860,2,69930,2,349125,3.04E+07,5761,0,0
20210623,cu2201,23:21:34,0,69950,87,69880,2,69930,2,349125,3.04E+07,5761,0,0
20210623,cu2201,23:21:38,500,69950,87,69890,3,69930,3,349125,3.04E+07,5761,0,0
20210623,cu2201,23:21:44,0,69950,87,69870,1,69980,1,349125,3.04E+07,5761,0,0
20210623,cu2201,23:21:50,500,69950,87,69900,2,69980,2,349125,3.04E+07,5761,0,0
20210623,cu2201,23:22:11,0,69950,87,69900,1,69980,1,349125,3.04E+07,5761,0,0
20210623,cu2201,23:22:16,0,69950,87,69900,3,69980,3,349125,3.04E+07,5761,0,0
20210623,cu2201,23:23:02,500,69950,87,69880,3,69980,3,349125,3.04E+07,5761,0,0
20210623,cu2201,23:23:30,0,69950,87,69910,1,69980,1,349125,3.04E+07,5761,0,0
20210623,cu2201,23:23:46,0,69950,87,69910,1,69980,1,349125,3.04E+07,5761,0,0
20210623,cu2201,23:24:39,0,69950,87,69880,3,69980,3,349125,3.04E+07,5761,0,0
20210623,cu2201,23:25:19,0,69950,87,69860,3,69970,3,349125,3.04E+07,5761,0,0
20210623,cu2201,23:25:25,500,69950,87,69880,1,69980,1,349125,3.04E+07,5761,0,0
20210623,cu2201,23:25:42,500,69950,87,69900,2,69980,2,349125,3.04E+07,5761,0,0
20210623,cu2201,23:25:47,0,69950,87,69910,1,69980,1,349125,3.04E+07,5761,0,0
20210623,cu2201,23:25:52,0,69950,87,69900,1,69980,1,349125,3.04E+07,5761,0,0
20210623,cu2201,23:25:56,500,69950,87,69900,1,69980,1,349125,3.04E+07,5761,0,0
20210623,cu2201,23:26:10,0,69950,87,69900,1,69980,1,349125,3.04E+07,5761,0,0
20210623,cu2201,23:26:29,0,69950,87,69900,1,69980,1,349125,3.04E+07,5761,0,0
20210623,cu2201,23:26:38,500,69950,87,69890,2,69980,2,349125,3.04E+07,5761,0,0
20210623,cu2201,23:26:46,0,69950,87,69900,1,69990,1,349125,3.04E+07,5761,0,0
20210623,cu2201,23:26:48,0,69950,87,69920,1,70000,1,349125,3.04E+07,5761,0,0
20210623,cu2201,23:27:19,0,69950,87,69920,1,70000,1,349125,3.04E+07,5761,0,0
20210623,cu2201,23:27:45,500,69950,87,69920,1,70000,1,349125,3.04E+07,5761,0,0
20210623,cu2201,23:27:51,500,69950,87,69930,1,70000,1,349125,3.04E+07,5761,0,0
20210623,cu2201,23:28:14,500,69950,87,69950,1,70000,1,349125,3.04E+07,5761,0,0
20210623,cu2201,23:28:20,0,69950,87,69960,1,70000,1,349125,3.04E+07,5761,0,0
20210623,cu2201,23:28:23,0,69950,87,69960,1,70000,1,349125,3.04E+07,5761,0,0
20210623,cu2201,23:28:28,500,69950,87,69930,2,70000,2,349125,3.04E+07,5761,0,0
20210623,cu2201,23:28:31,500,69950,87,69950,1,70000,1,349125,3.04E+07,5761,0,0
20210623,cu2201,23:28:37,500,69950,87,69960,1,70000,1,349125,3.04E+07,5761,0,0
20210623,cu2201,23:28:42,0,69950,87,69920,1,70000,1,349125,3.04E+07,5761,0,0
20210623,cu2201,23:28:48,500,69950,87,69920,1,70000,1,349125,3.04E+07,5761,0,0
20210623,cu2201,23:29:10,500,69950,87,69810,3,70000,3,349125,3.04E+07,5761,0,0
20210623,cu2201,23:29:17,500,69950,87,69910,1,70000,1,349125,3.04E+07,5761,0,0
20210623,cu2201,23:29:25,500,69950,87,69880,1,69990,1,349125,3.04E+07,5761,0,0
20210623,cu2201,23:29:31,0,69950,87,69900,3,70000,3,349125,3.04E+07,5761,0,0
20210623,cu2201,23:30:52,0,69950,87,69910,1,69990,1,349125,3.04E+07,5761,0,0
20210623,cu2201,23:31:20,500,69950,87,69900,1,69990,1,349125,3.04E+07,5761,0,0
20210623,cu2201,23:31:34,0,69950,87,69910,2,69990,2,349125,3.04E+07,5761,0,0
20210623,cu2201,23:32:05,500,69950,87,69920,1,70000,1,349125,3.04E+07,5761,0,0
20210623,cu2201,23:32:10,0,69950,87,69930,1,70020,1,349125,3.04E+07,5761,0,0
20210623,cu2201,23:32:45,0,69940,88,69850,2,69940,2,349131,3.07E+07,5761,0,0
20210623,cu2201,23:33:26,0,69940,88,69900,2,69940,2,349131,3.07E+07,5761,0,0
20210623,cu2201,23:33:28,0,69940,88,69910,1,70000,1,349131,3.07E+07,5761,0,0
20210623,cu2201,23:33:48,500,69940,88,69910,1,70000,1,349131,3.07E+07,5761,0,0
20210623,cu2201,23:34:15,500,69940,88,69910,1,70000,1,349131,3.07E+07,5761,0,0
20210623,cu2201,23:34:34,500,69940,88,69900,1,69990,1,349131,3.07E+07,5761,0,0
20210623,cu2201,23:35:18,0,69940,88,69900,1,69980,1,349131,3.07E+07,5761,0,0
20210623,cu2201,23:35:28,0,69940,88,69900,1,69960,1,349131,3.07E+07,5761,0,0
20210623,cu2201,23:36:04,0,69940,88,69900,1,69990,1,349131,3.07E+07,5761,0,0
20210623,cu2201,23:36:55,0,69940,88,69900,1,69990,1,349131,3.07E+07,5761,0,0
20210623,cu2201,23:37:10,0,69940,88,69900,1,69990,1,349131,3.07E+07,5761,0,0
20210623,cu2201,23:38:15,0,69940,88,69900,1,69990,1,349131,3.07E+07,5761,0,0
20210623,cu2201,23:38:38,0,69940,88,69900,1,69960,1,349131,3.07E+07,5761,0,0
20210623,cu2201,23:40:05,0,69940,88,69900,1,69960,1,349131,3.07E+07,5761,0,0
20210623,cu2201,23:40:18,0,69940,88,69900,1,69980,1,349131,3.07E+07,5761,0,0
20210623,cu2201,23:40:24,0,69940,88,69910,3,70000,3,349131,3.07E+07,5761,0,0
20210623,cu2201,23:40:26,0,69940,88,69920,2,70020,2,349131,3.07E+07,5761,0,0
20210623,cu2201,23:41:00,0,69940,88,69940,1,70000,1,349131,3.07E+07,5761,0,0
20210623,cu2201,23:41:33,0,69940,88,69940,1,70000,1,349131,3.07E+07,5761,0,0
20210623,cu2201,23:41:48,500,69940,88,69940,1,70000,1,349131,3.07E+07,5761,0,0
20210623,cu2201,23:42:03,500,69940,88,69920,1,69980,1,349131,3.07E+07,5761,0,0
20210623,cu2201,23:42:46,0,69980,89,69920,1,70020,1,349140,3.11E+07,5760,0,0
20210623,cu2201,23:42:58,0,69980,89,69970,2,70020,2,349140,3.11E+07,5760,0,0
20210623,cu2201,23:43:24,0,69980,89,69970,2,70080,2,349140,3.11E+07,5760,0,0
20210623,cu2201,23:43:37,0,69980,89,69970,2,70040,2,349140,3.11E+07,5760,0,0
20210623,cu2201,23:44:19,500,69980,89,69980,1,70060,1,349140,3.11E+07,5760,0,0
20210623,cu2201,23:44:23,0,69980,89,69980,1,70090,1,349140,3.11E+07,5760,0,0
20210623,cu2201,23:44:39,0,69980,89,70010,2,70090,2,349140,3.11E+07,5760,0,0
20210623,cu2201,23:44:48,0,69980,89,70010,2,70070,2,349140,3.11E+07,5760,0,0
20210623,cu2201,23:45:07,0,69980,89,69940,1,70070,1,349140,3.11E+07,5760,0,0
20210623,cu2201,23:45:10,500,69980,89,69960,3,70060,3,349140,3.11E+07,5760,0,0
20210623,cu2201,23:45:41,500,69980,89,69960,2,70040,2,349140,3.11E+07,5760,0,0
20210623,cu2201,23:45:47,500,69980,89,69970,1,70050,1,349140,3.11E+07,5760,0,0
20210623,cu2201,23:46:04,500,69980,89,69970,1,70060,1,349140,3.11E+07,5760,0,0
20210623,cu2201,23:46:18,0,69980,89,69960,2,70050,2,349140,3.11E+07,5760,0,0
20210623,cu2201,23:46:23,500,69980,89,69960,2,70020,2,349140,3.11E+07,5760,0,0
20210623,cu2201,23:46:34,500,69980,89,69960,2,70100,2,349140,3.11E+07,5760,0,0
20210623,cu2201,23:46:44,0,69980,89,69970,2,70050,2,349140,3.11E+07,5760,0,0
20210623,cu2201,23:46:48,500,69980,89,69970,1,70050,1,349140,3.11E+07,5760,0,0
20210623,cu2201,23:47:09,500,69980,89,69960,2,70020,2,349140,3.11E+07,5760,0,0
20210623,cu2201,23:47:20,500,69980,89,69960,2,70040,2,349140,3.11E+07,5760,0,0
20210623,cu2201,23:48:04,0,70040,90,69960,2,70020,2,349152,3.14E+07,5760,0,0
20210623,cu2201,23:49:17,0,70040,90,69960,2,70010,2,349152,3.14E+07,5760,0,0
20210623,cu2201,23:49:32,0,70040,90,69920,3,70010,3,349152,3.14E+07,5760,0,0
20210623,cu2201,23:49:46,0,70040,90,69920,2,70010,2,349152,3.14E+07,5760,0,0
20210623,cu2201,23:49:55,500,70040,90,69920,2,70020,2,349152,3.14E+07,5760,0,0
20210623,cu2201,23:50:10,0,69920,93,69910,1,69990,1,349166,3.25E+07,5763,0,0
20210623,cu2201,23:50:20,500,69920,93,69870,3,69990,3,349166,3.25E+07,5763,0,0
20210623,cu2201,23:50:35,0,69920,93,69920,1,69990,1,349166,3.25E+07,5763,0,0
20210623,cu2201,23:52:04,500,69920,93,69950,1,69990,1,349166,3.25E+07,5763,0,0
20210623,cu2201,23:52:12,500,69990,95,69960,1,70100,1,349183,3.32E+07,5761,0,0
20210623,cu2201,23:52:33,500,69990,95,69980,2,70040,2,349183,3.32E+07,5761,0,0
20210623,cu2201,23:52:43,500,69990,95,69980,2,70050,2,349183,3.32E+07,5761,0,0
20210623,cu2201,23:53:08,0,69990,95,69980,2,70030,2,349183,3.32E+07,5761,0,0
20210623,cu2201,23:53:39,0,69990,95,69930,1,70020,1,349183,3.32E+07,5761,0,0
20210623,cu2201,23:53:53,500,69990,95,69930,1,70010,1,349183,3.32E+07,5761,0,0
20210623,cu2201,23:54:00,500,69990,95,69930,1,70030,1,349183,3.32E+07,5761,0,0
20210623,cu2201,23:54:43,500,69990,95,69930,1,70040,1,349183,3.32E+07,5761,0,0
20210623,cu2201,23:55:03,0,69990,95,69960,2,70040,2,349183,3.32E+07,5761,0,0
20210623,cu2201,23:56:02,0,69990,95,69960,2,70030,2,349183,3.32E+07,5761,0,0
20210623,cu2201,23:56:15,500,69990,95,69960,2,70030,2,349183,3.32E+07,5761,0,0
20210623,cu2201,23:57:51,500,69990,95,69970,1,70040,1,349183,3.32E+07,5761,0,0
20210623,cu2201,23:58:06,500,69990,95,69960,2,70050,2,349183,3.32E+07,5761,0,0
20210623,cu2201,23:58:37,0,69990,95,69970,1,70060,1,349183,3.32E+07,5761,0,0
20210623,cu2201,23:59:01,0,69990,95,69960,2,70050,2,349183,3.32E+07,5761,0,0
20210623,cu2201,23:59:18,500,69990,95,69970,1,70060,1,349183,3.32E+07,5761,0,0
20210623,cu2201,23:59:56,500,69990,95,69970,1,70070,1,349183,3.32E+07,5761,0,0
20210624,cu2201,0:00:17,0,69990,95,69970,1,70070,1,349183,3.32E+07,5761,0,0
20210624,cu2201,0:00:49,500,69990,95,69970,1,70050,1,349183,3.32E+07,5761,0,0
20210624,cu2201,0:01:12,500,69990,95,69970,1,70060,1,349183,3.32E+07,5761,0,0
20210624,cu2201,0:01:48,0,69990,95,69960,2,70040,2,349183,3.32E+07,5761,0,0
20210624,cu2201,0:01:55,0,69990,95,69960,2,70040,2,349183,3.32E+07,5761,0,0
20210624,cu2201,0:03:05,500,69990,95,69960,2,70060,2,349183,3.32E+07,5761,0,0
20210624,cu2201,0:03:20,500,69990,95,69960,2,70050,2,349183,3.32E+07,5761,0,0
20210624,cu2201,0:03:38,0,69990,95,70000,2,70060,2,349183,3.32E+07,5761,0,0
20210624,cu2201,0:03:56,0,69990,95,70000,2,70090,2,349183,3.32E+07,5761,0,0
20210624,cu2201,0:04:16,500,69990,95,70010,1,70090,1,349183,3.32E+07,5761,0,0
20210624,cu2201,0:05:43,0,69990,95,70010,1,70090,1,349183,3.32E+07,5761,0,0
20210624,cu2201,0:05:57,0,69990,95,70000,2,70080,2,349183,3.32E+07,5761,0,0
20210624,cu2201,0:07:32,0,69990,95,70000,2,70080,2,349183,3.32E+07,5761,0,0
20210624,cu2201,0:07:50,500,69990,95,70000,2,70050,2,349183,3.32E+07,5761,0,0
20210624,cu2201,0:08:32,0,69990,95,70000,2,70050,2,349183,3.32E+07,5761,0,0
20210624,cu2201,0:09:19,0,69990,95,70000,2,70100,2,349183,3.32E+07,5761,0,0
20210624,cu2201,0:09:27,500,69990,95,70010,1,70090,1,349183,3.32E+07,5761,0,0
20210624,cu2201,0:09:39,500,69990,95,70000,2,70090,2,349183,3.32E+07,5761,0,0
20210624,cu2201,0:10:09,500,69990,95,70000,2,70090,2,349183,3.32E+07,5761,0,0
20210624,cu2201,0:11:09,0,69990,95,70000,2,70070,2,349183,3.32E+07,5761,0,0
20210624,cu2201,0:12:10,500,69990,95,70000,2,70090,2,349183,3.32E+07,5761,0,0
20210624,cu2201,0:13:18,500,69990,95,70000,2,70090,2,349183,3.32E+07,5761,0,0
20210624,cu2201,0:13:52,0,69990,95,70010,1,70090,1,349183,3.32E+07,5761,0,0
20210624,cu2201,0:14:52,500,69990,95,70000,2,70100,2,349183,3.32E+07,5761,0,0
20210624,cu2201,0:15:40,500,69990,95,70010,1,70090,1,349183,3.32E+07,5761,0,0
20210624,cu2201,0:16:40,0,69990,95,70010,1,70090,1,349183,3.32E+07,5761,0,0
20210624,cu2201,0:18:49,500,69990,95,69960,3,70070,3,349183,3.32E+07,5761,0,0
20210624,cu2201,0:19:01,0,69990,95,69990,2,70100,2,349183,3.32E+07,5761,0,0
20210624,cu2201,0:19:52,500,69990,95,69990,2,70090,2,349183,3.32E+07,5761,0,0
20210624,cu2201,0:20:35,0,69990,95,70000,2,70100,2,349183,3.32E+07,5761,0,0
20210624,cu2201,0:21:16,0,69990,95,70000,1,70100,1,349183,3.32E+07,5761,0,0
20210624,cu2201,0:22:11,0,69990,95,70030,1,70100,1,349183,3.32E+07,5761,0,0
20210624,cu2201,0:22:59,500,69990,95,70020,2,70100,2,349183,3.32E+07,5761,0,0
20210624,cu2201,0:23:20,0,69990,95,70030,1,70100,1,349183,3.32E+07,5761,0,0
20210624,cu2201,0:24:33,500,69990,95,70030,1,70100,1,349183,3.32E+07,5761,0,0
20210624,cu2201,0:25:14,0,69990,95,69880,7,70100,7,349183,3.32E+07,5761,0,0
20210624,cu2201,0:25:16,0,69990,95,69940,7,70080,7,349183,3.32E+07,5761,0,0
20210624,cu2201,0:25:23,0,69990,95,69960,3,70080,3,349183,3.32E+07,5761,0,0
20210624,cu2201,0:25:34,500,69990,95,69980,1,70080,1,349183,3.32E+07,5761,0,0
20210624,cu2201,0:25:37,0,69990,95,69990,2,70070,2,349183,3.32E+07,5761,0,0
20210624,cu2201,0:25:54,500,69990,95,69990,2,70070,2,349183,3.32E+07,5761,0,0
20210624,cu2201,0:26:04,500,69990,95,69920,1,70080,1,349183,3.32E+07,5761,0,0
20210624,cu2201,0:26:06,500,69990,95,69960,1,70050,1,349183,3.32E+07,5761,0,0
20210624,cu2201,0:26:10,500,69990,95,69960,1,70050,1,349183,3.32E+07,5761,0,0
20210624,cu2201,0:26:16,500,69990,95,69950,2,70050,2,349183,3.32E+07,5761,0,0
20210624,cu2201,0:26:32,0,69990,95,69950,2,70040,2,349183,3.32E+07,5761,0,0
20210624,cu2201,0:26:52,500,69990,95,69950,2,70050,2,349183,3.32E+07,5761,0,0
20210624,cu2201,0:27:34,0,69990,95,69950,2,70040,2,349183,3.32E+07,5761,0,0
20210624,cu2201,0:27:49,500,69990,95,69960,1,70050,1,349183,3.32E+07,5761,0,0
20210624,cu2201,0:28:13,500,69990,95,69950,2,70030,2,349183,3.32E+07,5761,0,0
20210624,cu2201,0:28:32,500,69990,95,69960,1,70050,1,349183,3.32E+07,5761,0,0
20210624,cu2201,0:30:10,0,69990,95,69950,2,70030,2,349183,3.32E+07,5761,0,0
20210624,cu2201,0:30:40,500,69990,95,69960,1,70050,1,349183,3.32E+07,5761,0,0
20210624,cu2201,0:31:04,500,69990,95,69950,2,70030,2,349183,3.32E+07,5761,0,0
20210624,cu2201,0:31:27,500,69990,95,69950,2,70040,2,349183,3.32E+07,5761,0,0
20210624,cu2201,0:31:48,500,69990,95,69950,2,70060,2,349183,3.32E+07,5761,0,0
20210624,cu2201,0:32:34,500,69990,95,69950,2,70040,2,349183,3.32E+07,5761,0,0
20210624,cu2201,0:33:10,0,69990,95,69950,2,70030,2,349183,3.32E+07,5761,0,0
20210624,cu2201,0:35:14,500,69990,95,69950,2,70000,2,349183,3.32E+07,5761,0,0
20210624,cu2201,0:35:34,500,69990,95,69950,2,70000,2,349183,3.32E+07,5761,0,0
20210624,cu2201,0:35:54,0,69990,95,69950,2,70010,2,349183,3.32E+07,5761,0,0
20210624,cu2201,0:36:11,0,69990,95,69950,2,70030,2,349183,3.32E+07,5761,0,0
20210624,cu2201,0:37:45,0,69990,95,69950,2,70010,2,349183,3.32E+07,5761,0,0
20210624,cu2201,0:39:14,0,69990,95,69950,2,70010,2,349183,3.32E+07,5761,0,0
20210624,cu2201,0:39:26,500,69990,95,69870,3,69980,3,349183,3.32E+07,5761,0,0
20210624,cu2201,0:39:29,0,69990,95,69880,1,69980,1,349183,3.32E+07,5761,0,0
20210624,cu2201,0:39:44,500,69990,95,69880,1,69980,1,349183,3.32E+07,5761,0,0
20210624,cu2201,0:39:50,0,69990,95,69880,1,69970,1,349183,3.32E+07,5761,0,0
20210624,cu2201,0:39:57,500,69990,95,69870,2,69960,2,349183,3.32E+07,5761,0,0
20210624,cu2201,0:40:05,0,69990,95,69870,2,69950,2,349183,3.32E+07,5761,0,0
20210624,cu2201,0:40:56,0,69990,95,69870,2,69940,2,349183,3.32E+07,5761,0,0
20210624,cu2201,0:41:01,0,69990,95,69880,1,69960,1,349183,3.32E+07,5761,0,0
20210624,cu2201,0:41:10,500,69990,95,69880,1,69960,1,349183,3.32E+07,5761,0,0
20210624,cu2201,0:41:16,500,69990,95,69880,1,69960,1,349183,3.32E+07,5761,0,0
20210624,cu2201,0:41:37,0,69990,95,69880,1,69960,1,349183,3.32E+07,5761,0,0
20210624,cu2201,0:41:53,0,69990,95,69880,1,69960,1,349183,3.32E+07,5761,0,0
20210624,cu2201,0:42:06,0,69990,95,69880,1,69970,1,349183,3.32E+07,5761,0,0
20210624,cu2201,0:42:29,500,69990,95,69880,1,69990,1,349183,3.32E+07,5761,0,0
20210624,cu2201,0:42:46,0,69990,95,69880,1,69980,1,349183,3.32E+07,5761,0,0
20210624,cu2201,0:43:29,0,69990,95,69880,2,69990,2,349183,3.32E+07,5761,0,0
20210624,cu2201,0:44:31,500,69990,95,69880,1,69990,1,349183,3.32E+07,5761,0,0
20210624,cu2201,0:44:59,500,69990,95,69880,1,69990,1,349183,3.32E+07,5761,0,0
20210624,cu2201,0:45:09,0,69990,95,69920,1,69990,1,349183,3.32E+07,5761,0,0
20210624,cu2201,0:45:28,500,69990,95,69920,1,69990,1,349183,3.32E+07,5761,0,0
20210624,cu2201,0:46:25,0,69990,96,69920,1,70010,1,349191,3.35E+07,5760,0,0
20210624,cu2201,0:47:16,500,69990,96,69910,2,70010,2,349191,3.35E+07,5760,0,0
20210624,cu2201,0:47:49,500,69990,96,69910,2,70020,2,349191,3.35E+07,5760,0,0
20210624,cu2201,0:47:59,500,69990,96,69920,1,70010,1,349191,3.35E+07,5760,0,0
20210624,cu2201,0:48:18,500,69990,96,69920,1,70010,1,349191,3.35E+07,5760,0,0
20210624,cu2201,0:48:39,500,69990,96,69920,1,70040,1,349191,3.35E+07,5760,0,0
20210624,cu2201,0:48:47,0,69990,96,69920,1,70040,1,349191,3.35E+07,5760,0,0
20210624,cu2201,0:48:51,0,69990,96,69920,2,70060,2,349191,3.35E+07,5760,0,0
20210624,cu2201,0:49:24,500,69990,96,69920,4,70050,4,349191,3.35E+07,5760,0,0
20210624,cu2201,0:49:37,0,69990,96,69970,1,70060,1,349191,3.35E+07,5760,0,0
20210624,cu2201,0:49:50,500,69990,96,69960,2,70050,2,349191,3.35E+07,5760,0,0
20210624,cu2201,0:50:00,0,69990,96,69970,1,70100,1,349191,3.35E+07,5760,0,0
20210624,cu2201,0:50:05,0,69990,96,69960,3,70090,3,349191,3.35E+07,5760,0,0
20210624,cu2201,0:51:01,0,69990,96,69960,3,70080,3,349191,3.35E+07,5760,0,0
20210624,cu2201,0:51:14,0,69990,96,69970,4,70080,4,349191,3.35E+07,5760,0,0
20210624,cu2201,0:51:29,0,69990,96,69960,3,70080,3,349191,3.35E+07,5760,0,0
20210624,cu2201,0:52:10,0,69990,96,69970,2,70090,2,349191,3.35E+07,5760,0,0
20210624,cu2201,0:52:54,0,69990,96,69970,5,70090,5,349191,3.35E+07,5760,0,0
20210624,cu2201,0:53:05,500,69990,96,69970,4,70080,4,349191,3.35E+07,5760,0,0
20210624,cu2201,0:53:52,500,69990,96,69960,4,70090,4,349191,3.35E+07,5760,0,0
20210624,cu2201,0:54:02,0,69990,96,69960,2,70080,2,349191,3.35E+07,5760,0,0
20210624,cu2201,0:54:04,0,69990,96,69960,2,70080,2,349191,3.35E+07,5760,0,0
20210624,cu2201,0:54:16,500,69990,96,69960,3,70080,3,349191,3.35E+07,5760,0,0
20210624,cu2201,0:54:47,500,69990,96,69970,4,70080,4,349191,3.35E+07,5760,0,0
20210624,cu2201,0:55:08,0,69990,96,69960,4,70080,4,349191,3.35E+07,5760,0,0
20210624,cu2201,0:55:28,500,69990,96,69960,4,70080,4,349191,3.35E+07,5760,0,0
20210624,cu2201,0:56:50,500,69990,96,70000,2,70090,2,349191,3.35E+07,5760,0,0
20210624,cu2201,0:57:21,500,69990,96,69980,2,70080,2,349191,3.35E+07,5760,0,0
20210624,cu2201,0:57:32,500,69990,96,69980,2,70050,2,349191,3.35E+07,5760,0,0
20210624,cu2201,0:57:42,0,69990,96,69980,2,70090,2,349191,3.35E+07,5760,0,0
20210624,cu2201,0:57:46,500,69990,96,69980,2,70080,2,349191,3.35E+07,5760,0,0
20210624,cu2201,0:58:02,0,69990,96,69980,2,70100,2,349191,3.35E+07,5760,0,0
20210624,cu2201,0:58:15,0,69980,97,69980,1,70100,1,349198,3.39E+07,5760,0,0
20210624,cu2201,0:58:18,0,69980,97,70020,1,70090,1,349198,3.39E+07,5760,0,0
20210624,cu2201,0:59:01,500,69980,97,69990,1,70100,1,349198,3.39E+07,5760,0,0
